2667 3809
386 270 452 320 84
1113 276 1447 317 summum
1471 263 1519 329 I,
1548 266 1629 316 10.

422 427 485 472 45
524 418 753 489 Virgilio
779 408 1101 471 annuerunt*
1110 418 1411 489 gaudentes
1435 422 1558 471 rure
1585 418 1866 472 Camenae.

522 505 626 559 hoc
653 511 785 571 erat,
815 511 1037 575 experto
1071 503 1271 557 frustra
1296 504 1535 557 Varrone
1559 503 1790 557 Atacino

523 598 687 662 atque
712 590 1035 661 quibusdam
1060 589 1197 654 aliis,
1225 590 1421 643 melius
1447 589 1849 660 quodscribere
1873 608 2105 661 possem,

523 677 804 731 inventore
829 677 1031 741 minor3
1070 694 1247 747 neque
1273 692 1375 746 ego
1400 676 1482 728 illi
1503 675 1787 731 detrahere
1808 677 1982 730 ausim

522 763 832 817 haerentem
850 750 1022 833 ‘capiti
1046 780 1168 816 cum
1192 763 1366 815 multa
1388 761 1547 815 laude
1572 779 1842 817 coronam.
1872 793 1936 804 -

425 855 488 901 50
525 849 603 902 At
626 848 741 901 dixi
764 847 930 901 fluere
954 849 1100 901 hunc
1122 847 1475 913 lutulentum,
1505 866 1663 919 saepe
1688 848 1949 903 ferentem

524 935 682 1005 plura
706 934 923 1005 quidem
950 933 1191 987 tollenda
1211 934 1601 1005 relinquendis.
1654 954 1771 1006 age,
1802 953 2019 1008 quaem,

526 1028 588 1074 tu
612 1020 750 1074 nihil
774 1020 830 1073 in
854 1037 1057 1089 magno
1079 1020 1270 1073 doctus
1295 1019 1645 1089 reprehendis
1668 1022 1950 1076 Homero?

524 1100 605 1159 nil
629 1106 794 1168 comis
819 1105 1012 1175 tragici
1035 1113 1212 1158 mutat
1232 1104 1477 1158 Lucilius
1500 1107 1661 1160 Atti?

488 1203 497 1207 ’
525 1209 635 1244 non
660 1191 803 1244 ridet
824 1208 1010 1245 versus
1033 1191 1182 1244 Enni
1207 1191 1469 1260 gravitate
1493 1192 1746 1257 minores,

424 1286 486 1330 55
526 1294 648 1348 cum
673 1277 741 1330 de
765 1295 822 1331 se
846 1276 1088 1348 loquitur
1111 1295 1221 1329 non
1247 1284 1310 1331 ut
1331 1278 1532 1331 maiore
1553 1265 1861 1348 reprensis?

526 1363 658 1434 quid
680 1369 827 1418 vetat
850 1370 906 1417 et
929 1370 1141 1416 nosmet
1163 1363 1342 1416 Lucili
1367 1365 1567 1434 scripta
1590 1364 1831 1434 legentes
1888 1422 1891 1431 ,

527 1467 798 1521 quaerere,
826 1456 958 1502 num
983 1448 1146 1514 illius,
1176 1467 1306 1503 num
1329 1467 1509 1502 rerum
1536 1451 1671 1505 dura
1693 1451 1905 1521 negarit

523 1532 815 1595 versiculos
839 1541 1034 1588 natura
1057 1535 1229 1604 magis
1253 1535 1426 1588 factos
1452 1542 1508 1588 et
1531 1542 1721 1589 euntes

526 1622 761 1686 mollius,
790 1638 855 1673 ac
877 1621 922 1673 si
947 1621 1068 1690 quis
1093 1621 1322 1690 pedibus
1349 1621 1482 1691 quid
1506 1622 1755 1676 claudere
1778 1622 1921 1676 senis

428 1715 491 1761 60
527 1709 632 1762 hoc
657 1714 869 1761 tantum
895 1713 1182 1760 contentus
1207 1714 1351 1760 amet
1375 1707 1649 1777 scripsisse
1674 1708 1936 1761 ducentos

528 1802 653 1848 ante
679 1793 859 1847 cibum
883 1808 1087 1856 versus,
1118 1792 1346 1845 totidem
1372 1794 1668 1847 coenatus?
1710 1793 1930 1847 Etrusci

531 1880 689 1951 quale
714 1879 819 1932 fuit
844 1878 993 1932 Cassi
1016 1879 1206 1949 rapido
1229 1879 1527 1933 ferventius
1553 1879 1698 1932 amni

528 1964 825 2035 ingenium,
856 1964 1028 2034 capsis
1053 1982 1214 2034 quem
1237 1965 1380 2018 fama
1404 1972 1487 2018 est
1510 1983 1626 2019 esse
1649 1965 1910 2035 librisque

529 2051 834 2103 ambustum
860 2051 1107 2121 propriis.
1159 2051 1351 2104 Fuerit
1373 2050 1635 2115 Lucilius,
1665 2051 1902 2122 inquam,

430 2144 491 2188 65
531 2136 698 2189 comis
724 2143 778 2188 et
801 2136 1068 2202 urbanus;
1109 2130 1274 2208 fuerit
1297 2137 1533 2190 limatior
1556 2137 1701 2200 idem

530 2239 692 2292 quam
714 2221 866 2274 rudis
890 2228 946 2275 et
971 2221 1189 2276 Graecis
1204 2223 1405 2283 intacti
1430 2222 1679 2276 carminis
1705 2228 1893 2275 auctor

527 2324 794 2380 quamque
819 2315 1098 2377 poetarum
1123 2310 1396 2363 seniorum
1420 2309 1607 2363 turba:
1646 2309 1742 2361 sed
1765 2309 1875 2372 ille,

530 2394 575 2447 si
601 2394 740 2447 foret
763 2394 865 2447 hoc
888 2402 1134 2449 nostrum
1157 2396 1270 2448 fato
1296 2395 1497 2448 dilatus
1521 2395 1578 2448 in
1603 2411 1812 2458 aevum,
1921 2386 1930 2391 i

531 2481 798 2534 detereret
820 2480 924 2533 sibi
949 2482 1136 2546 multa,
1165 2481 1431 2535 recideret
1455 2497 1613 2533 omne
1640 2479 1786 2550 quod
1810 2478 1972 2532 ultra·

433 2572 493 2618 70
530 2565 828 2636 perfectum
851 2568 1172 2633 traheretur,
1203 2573 1258 2622 et
1280 2567 1338 2621 in
1363 2585 1522 2621 versu
1547 2566 1791 2619 faciendo

531 2668 689 2721 saepe
714 2659 877 2722 caput
900 2653 1158 2719 scaberet,
1187 2654 1339 2707 vivos
1364 2659 1421 2706 et
1440 2652 1657 2706 roderet
1680 2660 1909 2721 ungue's.

534 2736 703 2807 Saepe
729 2737 913 2791 stilum
938 2738 1132 2804 vertas,
1161 2739 1357 2792 iterum
1385 2755 1521 2809 quae
1547 2738 1714 2807 digna
1737 2738 1846 2807 legi
1871 2737 1982 2791 sint

531 2823 846 2893 scripturus,
874 2841 1051 2894 neque
1076 2832 1130 2878 te
1155 2832 1218 2878 ut
1240 2825 1466 2878 miretur
1489 2823 1650 2877 turba
1673 2824 1900 2890 laboreS,

532 2914 818 2962 contentus
842 2910 1027 2979 paucis
1051 2910 1363 2964 lectoribus.
1413 2928 1482 2963 an
1506 2917 1603 2963 tua
1626 2910 1847 2964 demens

435 3002 496 3046 75
535 2994 734 3048 vilibus
758 2995 815 3047 in
840 2994 984 3047 ludis
1009 2995 1200 3049 dictari
1226 2996 1462 3049 carmina
1483 2996 1678 3053 malis?

535 3097 644 3134 non
670 3096 801 3151 ego;
840 3096 964 3133 nam
987 3081 1118 3136 satis
1142 3089 1221 3136 est
1242 3081 1466 3152 equitem
1488 3081 1627 3135 mihi
1634 3082 1909 3152 plaudere,
1941 3088 2005 3135 ut
2028 3082 2204 3135 audax

536 3287 600 3332 45
639 3290 834 3347 Vergilio
860 3311 925 3321 —
951 3300 1219 3349 annuerant3
1246 3295 1497 3338 annuerint.
1569 3292 1634 3338 49
1672 3294 1803 3339 multa
1829 3308 1943 3339 cum.
2015 3293 2079 3339 53
2115 3296 2246 3351 Acci3
2274 3295 2392 3340 Acti.

402 3356 465 3400 54
504 3371 621 3402 num.
697 3359 758 3402 55
796 3359 1094 3419 reprehensis.
1167 3361 1230 3406 56
1269 3364 1391 3421 quis;
1419 3365 1509 3423 qui.
1582 3362 1644 3407 59
1686 3364 1761 3417 (an
1786 3366 1873 3421 si);
1901 3371 1943 3408 at
1968 3365 2023 3409 si.
2098 3361 2162 3408 68
2189 3365 2393 3421 delatum

396 3426 620 3486 dilapsum
647 3427 869 3488 delapsus.
