2667 3809
362 276 464 327 226

399 694 463 739 60

399 1118 463 1163 65

400 1545 463 1590 70

400 1972 463 2015 75

399 2396 463 2443 80

399 2825 460 2871 85

360 3220 481 3279 quid.

1067 280 1481 325 nrxsromnuu
1504 271 1553 335 Ι,
1588 275 1668 324 18.

500 444 667 491 nunc,
696 432 754 479 et
776 425 824 479 si
847 425 982 495 quid
1005 425 1177 488 abest,
1207 425 1365 478 Italis
1389 424 1668 478 adiudicat
1690 426 1873 480 armis.

500 531 581 578 ac,
608 530 680 565 ne
703 519 760 566 te
782 512 1026 565 retrahas
1050 518 1108 564 et
1130 510 1517 564 inexcusabilis
1539 511 1702 575 absis,

502 597 749 671 quamvis
773 598 854 650 nil
877 604 1032 650 extra
1054 613 1342 649 numerum
1365 596 1557 650 fecisse
1583 596 1918 668 modumque

500 702 657 740 curas
676 704 690 737 ε
728 683 1003 736 interdum
1028 681 1251 752 nugaris
1273 698 1401 734 rure
1424 687 1670 751 paterno.

499 771 733 841 partitur
756 769 948 822 lintres
974 767 1261 830 exercitu3‚
1291 767 1454 820 Actia
1477 785 1666 838 pugna

502 865 558 910 te
582 856 721 910 duce
745 871 842 924 per
865 870 1064 923 pueros
1087 852 1277 906 hostili
1300 870 1451 905 more
1471 853 1731 917 refertur;

500 941 840 995 adversarius
864 946 948 993 est
970 939 1152 1003 frater,
1181 938 1331 992 lacus
1358 938 1586 1003 Hadria,
1615 939 1789 992 donec

501 1026 824 1079 alterutrum
849 1024 1008 1081 velox
1032 1023 1274 1077 Victoria
1297 1024 1492 1077 fronde
1517 1033 1759 1078 coronet.

502 1110 807 1165 consentire
833 1111 947 1163 suis
973 1109 1171 1163 studiis
1195 1109 1290 1178 qui
1315 1109 1608 1163 crediderit
1634 1117 1709 1176 te,

498 1197 679 1250 fautor
702 1189 936 1266 utroque
960 1202 1118 1248 tuum
1143 1194 1391 1248 laudabit
1413 1195 1610 1264 pollice
1634 1196 1846 1250 ludum.

499 1281 760 1335 Protinus
784 1290 849 1334 ut
871 1298 1138 1344 moneam,
1168 1280 1215 1333 si
1240 1280 1375 1349 quid
1398 1280 1684 1335 monitoris
1708 1299 1837 1351 eges
1861 1290 1943 1346 tu,

502 1367 636 1439 quid
661 1367 729 1420 de
753 1384 972 1437 quoque
997 1366 1114 1420 viro
1140 1373 1196 1419 et
1218 1366 1307 1427 cui
1331 1367 1499 1431 dicas,
1529 1384 1690 1436 saepe
1714 1367 1919 1421 videto.

497 1454 940 1507 Percontatorem
966 1451 1165 1521 fugit0‚
1197 1467 1322 1503 nam
1349 1451 1601 1522 garrulus
1626 1452 1771 1505 idem
1796 1460 1896 1516 est,

500 1555 600 1591 nec
623 1538 863 1592 retinent
887 1536 1106 1607 patulae
1130 1536 1417 1589 commissa
1441 1535 1676 1590 fideliter
1703 1554 1879 1602 aureS,

502 1631 558 1677 et
580 1624 747 1677 semel
771 1623 1026 1677 emissum
1051 1623 1201 1676 volat
1224 1623 1573 1676 irrevocabile
1598 1625 1843 1677 verbum.

497 1709 549 1764 N
553 1726 625 1762 on
650 1709 848 1762 ancilla
871 1715 1030 1761 tuum
1053 1709 1203 1762 iecur
1227 1708 1434 1761 ulceret
1458 1709 1572 1762 ulla
1597 1726 1801 1779 puerve

501 1793 645 1847 intra
669 1811 1028 1847 marmoreum
1053 1794 1349 1847 venerandi
1373 1793 1540 1847 limen
1565 1795 1742 1858 amici,

500 1894 570 1931 ne
595 1878 850 1931 dominus
874 1878 1029 1948 pueri
1053 1878 1268 1947 pulchri
1292 1897 1514 1934 caraeve
1538 1880 1754 1950 puellae

500 1979 723 2017 munere
747 1968 803 2016 te
827 1980 993 2032 parvo
1015 1964 1143 2017 beet
1167 1972 1263 2017 aut
1286 1965 1664 2020 incommodus
1689 1974 1873 2035 angat.

501 2049 733 2108 Qualem
759 2049 1102 2102 commendes
1127 2050 1291 2103 etiam
1314 2058 1481 2121 atque
1506 2051 1670 2104 etiam
1694 2051 1931 2121 adspice,
1960 2069 2029 2105 ne
2055 2069 2182 2106 mox

500 2133 772 2187 incutiant
793 2134 970 2188 aliena
994 2134 1097 2188 tibi
1120 2143 1343 2204 peccata
1365 2136 1650 2206 pudorem.

498 2217 738 2273 fallimur
762 2226 819 2273 et
841 2220 1115 2290 quondam
1140 2237 1252 2274 uon
1278 2221 1510 2292 dignum
1533 2220 1832 2276 tradimusz
1871 2239 2003 2293 ergo

499 2322 662 2375 quem
686 2322 784 2358 sua
808 2306 970 2377 culpa
992 2313 1217 2377 premet,
1251 2307 1515 2378 deceptus
1540 2307 1731 2361 omitte
1755 2308 1916 2373 tueri,

500 2400 565 2444 ut
589 2392 808 2462 penitus
831 2399 1042 2457 notum,
1072 2393 1119 2446 si
1142 2399 1361 2446 tentent
1384 2392 1625 2458 crimina,
1656 2409 1837 2447 serves

500 2476 802 2547 tuterisque
825 2485 925 2532 tuo
950 2476 1208 2531 fidentem
1234 2477 1536 2547 praesidi03
1577 2478 1673 2547 qui

499 2562 662 2616 dente
685 2562 970 2617 Theonino
995 2580 1119 2616 cum
1144 2562 1578 2628 circumroditur‚
1608 2563 1805 2634 ecquid

498 2648 569 2701 ad
592 2654 647 2701 te
671 2656 798 2717 post
820 2647 1007 2717 paullo
1031 2654 1262 2701 ventura
1285 2648 1529 2718 pericula
1551 2648 1758 2702 sentis?

498 2750 627 2787 nam
650 2738 747 2786 tua
768 2750 855 2786 res
879 2732 1078 2804 agitur,
1108 2733 1285 2804 paries
1309 2751 1434 2787 cum
1458 2733 1740 2805 proximus
1763 2734 1936 2798 ardet,

498 2825 555 2872 et
576 2818 829 2888 neglecta
853 2819 1032 2872 solent
1054 2817 1308 2872 incendia
1329 2835 1542 2872 sumere
1567 2819 1727 2874 vires.

495 2905 691 2959 Dulcis
716 2903 1011 2975 inexpertis
1036 2903 1251 2958 cultura
1273 2905 1515 2974 potentis
1548 2904 1725 2969 amici,

500 3084 535 3127 1.
575 3081 659 3136 (57
697 3082 852 3134 arvis.)
926 3078 990 3126 58
1027 3081 1189 3127 obstes.
1264 3079 1326 3125 67
1366 3089 1593 3140 protenus.
1668 3080 1731 3126 73
1768 3084 1901 3128 iuter.
1976 3080 2040 3125 74
2083 3083 2206 3141 pueri
2231 3082 2374 3127 domi·
2645 3034 2647 3179 Ι

534 3150 596 3193 77
636 3148 855 3194 ruborem.
928 3146 991 3193 78
1027 3157 1071 3194 et
1094 3149 1322 3209 quendam.
1398 3147 1460 3194 79
1498 3151 1670 3209 premit.
1742 3149 1830 3203 (80
1867 3159 1914 3196 nt
1937 3151 2150 3210 penitus.)
2226 3147 2289 3194 82
2327 3158 2375 3195 et

475 3287 533 3332 11.
561 3283 624 3331 59
650 3292 912 3343 notumque.
985 3283 1046 3328 61
1076 3284 1272 3343 lyr-tres.
1333 3283 1399 3330 63
1425 3287 1564 3331 adria.
1636 3285 1701 3332 65
1728 3288 1937 3334 cadet-it.
2010 3286 2076 3334 69
2103 3289 2374 3335 Per-cuncta·
2640 3226 2645 3397 }

361 3363 515 3401 torem.
592 3350 655 3399 73
693 3354 821 3397 inter.
897 3351 959 3396 75
996 3360 1143 3411 anget.
1219 3352 1281 3399 76
1318 3356 1480 3413 aspice.
1557 3353 1620 3398 80
1659 3363 1883 3416 temptent.
1961 3354 2025 3401 82
2061 3359 2224 3404 circum
2249 3357 2374 3403 rodi-

360 3430 450 3469 tur.

524 3419 588 3467 83
623 3421 772 3480 paulo.
2638 3410 2643 3649 1
