2667 3809
366 249 470 301 292
1097 256 1513 300 ΕΡῙεΤοιΔΒυΜ
1539 245 1649 297 111.

374 408 472 454 345
512 403 601 456 hic
623 407 798 456 meret
819 418 944 456 aera
967 402 1105 457 liber
1133 402 1321 466 Sosiis,
1352 401 1442 454 hic
1467 407 1523 454 et
1545 416 1692 453 mare
1716 399 1912 454 transit

507 495 563 543 et
586 489 814 558 longum
839 494 972 542 noto
997 489 1249 560 scriptori
1272 494 1532 559 prorogat
1556 503 1768 541 aevum.

509 573 653 627 Sunt
677 573 876 628 delicta
899 581 1100 640 tamen,
1132 575 1331 645 quibus
1357 574 1638 644 ignovisse
1659 573 1889 627 velimus
1903 595 1917 639 3

508 677 633 714 nam
658 676 838 730 neque
860 661 1066 714 chorda
1090 679 1285 714 sonum
1308 660 1509 725 reddit,
1544 677 1706 731 quem
1731 660 1853 713 vult
1876 676 2069 712 manus
2094 666 2151 713 et
2171 676 2356 724 mens,

508 746 864 817 poscentique
888 763 1107 816 gravem
1132 764 1390 817 persaepe
1413 746 1645 800 remittit
1668 754 1909 811 acutum,

373 837 472 885 350
510 850 611 885 nec
636 849 846 901 semper
870 833 1028 886 feriet
1052 834 1418 903 quodcunque
1442 831 1740 885 minabitur
1761 848 1937 885 arcus.

508 935 697 972 verum
722 917 819 971 ubi
842 917 1001 987 plura
1023 919 1202 972 nitent
1226 919 1283 972 in
1309 919 1563 982 carmine,
1597 935 1710 970 non
1734 915 1839 987 ego
1863 916 2051 987 paucis

508 1003 751 1056 offendar
773 1003 1016 1069 maculis,
1047 1021 1180 1075 quas
1204 1010 1301 1057 aut
1326 1004 1539 1057 incuria
1562 1003 1723 1068 fudit,

507 1095 604 1142 aut
627 1089 866 1142 humana
889 1106 1080 1159 parum
1105 1091 1250 1144 cavit
1272 1100 1486 1144 natura.
1527 1090 1661 1160 quid
1686 1106 1815 1159 ergo
1840 1089 1962 1142 est?

509 1182 572 1228 ut
596 1175 827 1247 scriptor
850 1175 897 1228 si
921 1183 1109 1247 peccat
1134 1176 1277 1230 idem
1302 1177 1556 1229 librarius
1581 1192 1774 1245 usque,

369 1266 468 1313 355
503 1261 749 1331 quamvis
774 1269 859 1315 est
880 1262 1141 1338 mon-itus,
1170 1262 1327 1316 venia
1353 1269 1516 1326 caret,
1543 1268 1609 1315 ut
1635 1259 1979 1313 citharoedus

506 1347 734 1412 ridetur,
764 1348 967 1402 chorda
992 1349 1086 1419 qui
1110 1366 1322 1419 semper
1347 1348 1563 1402 oberrat
1587 1349 1805 1402 eadem:

505 1433 583 1486 sic
608 1433 763 1500 mihi,
793 1436 888 1505 qui
911 1435 1146 1489 multum
1172 1440 1364 1498 cessat,
1394 1434 1457 1487 fit
1481 1432 1768 1488 Choerilus
1792 1432 1902 1496 ille,

506 1537 667 1590 quem
690 1519 776 1574 bis
799 1528 950 1574 terve
973 1521 1179 1573 bonum
1204 1537 1328 1573 cum
1352 1520 1467 1573 risu
1490 1521 1687 1584 miror-3
1728 1525 1785 1572 et
1806 1518 1951 1571 idem

430 1667 441 1680 .
503 1604 778 1675 indignor,
811 1607 1137 1677 quandoque
1161 1606 1339 1660 bonus
1365 1605 1624 1659 dormitat
1648 1604 1943 1657 Homerus.

371 1696 470 1743 360
507 1709 695 1746 verum
721 1692 872 1763 operi
897 1691 1065 1762 longo
1088 1680 1170 1745 fas
1192 1698 1279 1745 est
1302 1691 1563 1761 obrepere
1586 1707 1857 1744 somnum.

507 1778 581 1831 Ut
606 1778 835 1848 pictura,
864 1778 1076 1847 poesist
1117 1778 1221 1830 erit
1244 1794 1402 1847 quae,
1436 1777 1483 1829 si
1507 1776 1732 1847 propius
1757 1781 1890 1838 stes,

505 1869 562 1916 te
587 1863 767 1933 capiat
788 1863 981 1933 magis,
1012 1870 1070 1916 et
1093 1862 1377 1933 quaedam,
1408 1862 1455 1915 si
1479 1862 1701 1932 longius
1723 1860 1925 1915 abstes.

507 1948 639 2001 haec
664 1956 809 2002 amat
834 1949 1143 2013 obscurum,
1179 1949 1328 2002 volet
1352 1950 1485 2002 haec
1509 1948 1616 2002 sub
1637 1947 1759 2001 luce
1782 1945 1974 2008 videri,

508 2034 705 2088 iudicis
730 2041 986 2105 argutum
1013 2051 1151 2105 quae
1175 2052 1285 2087 non
1312 2035 1848 2096 formidat·acumen;

370 2125 469 2171 365
509 2119 643 2173 haec
666 2120 873 2190 placuit
895 2119 1079 2184 semel,
1109 2120 1242 2173 haec
1268 2120 1447 2174 decies
1474 2120 1704 2190 repetita
1726 2116 1978 2188 placebit.

508 2205 556 2258 Ο
580 2206 752 2259 maior
775 2207 1052 2271 iuvenum,
1090 2206 1338 2276 quamvis
1362 2212 1420 2259 et
1442 2222 1576 2259 voce
1599 2212 1826 2275 paterna

512 2289 733 2361 fingeris
757 2293 828 2346 ad
851 2298 1060 2346 rectum
1087 2299 1144 2345 et
1163 2309 1261 2364 per
1285 2298 1341 2345 te
1365 2290 1529 2361 sapis,
1557 2290 1663 2343 hoe
1686 2288 1789 2343 tibi
1812 2289 2019 2343 dictum

505 2375 641 2430 tolle
663 2395 901 2432 memort
942 2378 1104 2432 certis
1128 2377 1370 2432 medium
1395 2384 1452 2430 et
1474 2374 1760 2430 tolerabile
1773 2375 1948 2428 *rebus

508 2470 654 2517 recte
680 2465 923 2519 concedi.
963 2464 1248 2518 consultus
1271 2463 1407 2517 iuris
1428 2469 1490 2516 et
1509 2469 1663 2515 actor

372 2551 472 2600 370
511 2565 794 2603 causarum
818 2551 1107 2605 mediocris
1131 2550 1287 2604 abest
1308 2549 1513 2604 virtute
1538 2548 1728 2602 diserti

507 2634 796 2702 Messalae,
823 2654 922 2690 nec
947 2637 1052 2690 scit
1076 2643 1342 2706 quantum
1368 2633 1663 2689 Cascellius
1685 2633 1883 2698 AuluS,

505 2720 603 2773 sed
626 2727 806 2775 tamen
832 2722 889 2775 in
916 2723 1093 2793 pretio
1118 2727 1232 2774 est=
1270 2719 1637 2773 mediocribus
1663 2737 1781 2773 esse
1805 2718 1983 2789 poetis

507 2823 621 2859 non
644 2807 909 2873 homines,
938 2824 1051 2861 non
1076 2807 1151 2873 di,
1179 2824 1292 2862 non
1317 2823 1630 2859 concessere
1655 2804 1957 2859 columnae.

502 3001 558 3046 A.
587 2997 684 3044 345
714 3003 854 3048 Sosis.
918 3000 1016 3047 350
1044 3018 1333 3064 quocunque3
1362 3016 1662 3063 quaecunque.
1721 2998 1819 3044 355
1843 3007 1983 3056 caret,
2010 3007 2069 3044 et.
2123 2995 2222 3043 356
2250 3000 2392 3046 ober-

365 3077 447 3115 ret.
523 3067 622 3114 358
661 3077 830 3130 terque.
904 3069 1003 3115 360
1040 3087 1172 3130 opere
1197 3074 1242 3117 in
1266 3073 1418 3131 longo.
1507 3069 1600 3115 361
1640 3072 1788 3131 poesis
1812 3072 1923 3116 erit:
1950 3081 2079 3128 quae.
2166 3066 2266 3113 362
2305 3084 2388 3114 ca-

362 3139 470 3195 piet.
561 3134 659 3180 362
696 3140 1210 3197 aste332dstes31ples.
1300 3139 1398 3184 370
1436 3141 1616 3185 deserti.
1709 3137 1803 3184 371
1846 3141 1988 3184 nescit
2015 3161 2067 3169 -
2104 3137 2384 3195 Cassellius3

364 3204 619 3249 Casoellius.
1070 3203 1075 3208 ’

501 3273 554 3315 Β.
593 3269 691 3315 345
726 3286 869 3330 sosys.
943 3271 1041 3317 348
1067 3276 1216 3320 corda.
1291 3274 1389 3320 355
1417 3277 1727 3334 cytharoedus.
1801 3273 1899 3320 356
1927 3276 2074 3320 corda.
2147 3272 2246 3317 357
2276 3288 2383 3318 coe·

361 3339 475 3383 rilus
501 3339 592 3382 ille.
666 3337 765 3383 358
802 3348 973 3397 terque.
1049 3340 1146 3385 362
1183 3345 1326 3402 capiet
1351 3366 1413 3377 —
1442 3346 1605 3390 obstes.
1679 3341 1777 3388 367
1803 3344 1978 3402 Viget-is
2002 3343 2073 3391 ad.
2148 3338 2249 3385 268
2288 3341 2385 3386 tol-—

362 3405 562 3450 let-abile.
633 3404 734 3452 370
770 3407 950 3452 deserti.
1024 3405 1118 3452 371
1159 3413 1300 3457 nescit
1322 3434 1389 3444 —
1414 3412 1661 3459 cassellius.
1734 3409 1833 3457 373
1870 3412 1931 3456 dii
1954 3424 2230 3457 concessere.
