2667 3809
378 268 475 320 122
1129 275 1468 318 summum
1492 264 1570 328 11,
1602 266 1653 316 3.

385 425 484 471 300
522 417 766 485 „Stoiee,
795 423 921 487 post
945 417 1202 473 damnum
1227 417 1305 471 sic
1328 417 1533 473 vendas
1558 416 1741 470 omnia
1763 415 1953 487 pluris,

521 521 630 574 qua
653 520 740 557 me
764 502 1000 556 stultitia
1023 533 1092 542 —
1117 502 1378 573 quoniam
1402 519 1516 555 non
1541 507 1628 554 est
1648 518 1822 571 genus
1847 518 2020 556 unum
2040 517 2115 545 '--

519 589 758 643 insanire
781 590 979 659 putas?
1017 605 1121 659 ego
1144 604 1271 641 nam
1296 588 1486 641 videor
1510 586 1644 641 mihi
1669 593 1901 640 sanus.“

516 673 684 738 Quid,
715 680 877 745 caput
900 673 1200 728 abscissum
1223 673 1476 727 manibus
1501 689 1626 726 eum
1650 678 1834 743 portat
1856 674 2046 744 Agave

518 759 673 829 gnati
696 757 948 823 infelicis,
977 757 1082 815 sibi
1105 762 1226 811 tum
1249 757 1458 811 furiosa
1479 757 1735 813 videtur?

383 850 481 896 305
521 843 810 909 „Stultum
834 860 921 896 me
944 842 1119 896 fateor
1152 873 1203 882 -
1234 842 1398 896 liceat
1421 843 1717 897 concedere
1741 843 1883 898 veris
1906 873 1977 884 —

516 936 681 998 atque
707 928 871 981 etiam
894 928 1175 993 insanum3
1214 935 1432 982 tantum
1455 928 1560 982 hoc
1585 929 1839 994 edissere,
1868 946 1977 999 quo
2000 946 2087 981 me

519 1020 802 1084 aegrotare
824 1019 985 1083 putes
1009 1012 1176 1065 animi
1199 1012 1404 1067 vitio.“
1429 1044 1500 1054 —
1523 1014 1762 1085 Accipe:
1800 1015 2050 1085 primum-

516 1098 785 1162 aedifieas,
815 1098 919 1151 hoe
943 1104 1044 1163 est,
1074 1098 1272 1169 longos
1296 1099 1544 1165 imitaris,
1574 1099 1642 1153 ab
1667 1100 1777 1152 imo

516 1186 586 1238 ad
610 1202 882 1238 summum
903 1189 1054 1238 totus
1078 1185 1289 1240 moduli
1311 1185 1597 1255 bipedalis,
1628 1192 1685 1239 et
1706 1186 1853 1239 idem

380 1276 479 1324 310
517 1287 740 1341 corpore
763 1269 1021 1323 maiorem
1044 1269 1190 1323 rides
1214 1270 1488 1323 Turbonis
1516 1271 1576 1323 in
1599 1271 1763 1325 armis

511 1357 765 1428 spiritum
789 1362 846 1409 et
867 1354 1171 1409 incessum
1212 1355 1308 1426 qui
1330 1355 1597 1410 ridiculus
1621 1357 1804 1410 minus
1829 1354 1969 1409 illo?

513 1460 584 1496 an
600 1442 974 1512 *quodeunque
997 1440 1129 1494 facit
1152 1441 1460 1506 Maecenas,
1490 1448 1546 1495 te
1572 1458 1790 1512 quoque
1814 1458 2005 1495 verum
2030 1448 2115 1497 est

510 1534 725 1583 tantum
752 1527 1068 1581 dissimilem
1094 1532 1150 1581 et
1172 1533 1328 1580 tanto
1354 1533 1559 1581 certare
1582 1528 1884 1581 minorem?

476 1668 481 1673 ,
510 1614 773 1667 Absentis
795 1629 958 1665 ranae
982 1611 1149 1681 pullis
1174 1611 1336 1666 vituli
1361 1613 1499 1682 pede
1523 1612 1742 1683 pressis,

377 1705 474 1751 315
513 1717 656 1753 unus
681 1698 780 1752 ubi
804 1696 1013 1766 effugit,
1041 1696 1202 1750 matri
1227 1697 1499 1763 denarrat,
1529 1705 1594 1752 ut
1616 1699 1813 1770 ingens

511 1784 676 1837 belua
699 1789 961 1855 cognatos
986 1776 1211 1835 eliserit.
1262 1782 1360 1835 illa
1381 1800 1573 1854 rogare
1593 1805 1609 1838 ε

512 1868 824 1939 quantanel’
859 1883 994 1920 num
1017 1873 1234 1921 tantum
1262 1898 1325 1909 -
1352 1868 1577 1924 sufflans
1603 1887 1661 1924 se
1685 1899 1754 1910 —
1776 1885 1976 1939 magna
1997 1867 2231 1922 fuisset?

511 1951 728 2017 „maior
752 1950 1047 2005 dimidio.“
1095 1969 1228 2006 num
1253 1956 1508 2008 tantum?
1534 1984 1602 1996 —
1628 1955 1767 2008 Cum
1791 1953 1964 2024 magis
1988 1959 2153 2022 atque

509 2055 568 2091 se
591 2037 767 2107 magis
790 2036 1031 2091 inflaret=
1072 2055 1229 2101 „non
1254 2038 1301 2090 si
1325 2044 1382 2090 te
1405 2040 1684 2109 ruperis,“
1709 2039 1908 2109 inquit,

375 2129 474 2176 320
512 2141 655 2194 „par
681 2123 853 2176 eris.“
903 2122 1058 2175 Haec
1082 2138 1116 2175 a
1137 2129 1193 2176 te
1216 2140 1331 2179 non
1353 2124 1589 2178 multum
1614 2124 1829 2178 abludit
1855 2123 2055 2194 imago.

512 2209 657 2263 adde
677 2214 931 2279 poemata
953 2225 1117 2273 nune,
1146 2208 1252 2262 hoe
1277 2218 1378 2274 est,
1410 2209 1591 2264 oleum
1616 2209 1755 2263 adde
1781 2209 2022 2275 eamin03

511 2312 649 2365 quae
674 2295 723 2348 si
747 2293 870 2365 quis
895 2311 1058 2347 sanus
1081 2293 1231 2359 feeit,
1261 2310 1427 2348 sanus
1450 2294 1584 2348 facis
1609 2303 1666 2349 et
1688 2301 1772 2348 tu.

509 2397 623 2434 non
649 2379 772 2434 dieo
797 2379 1123 2434 horrendam
1145 2379 1374 2433 rabiem.
1426 2381 1591 2446 „Iam
1615 2380 1868 2433 desine.“
1920 2379 2144 2436 Cultum

509 2465 771 2518 maiorem
796 2482 982 2519 censu.
1034 2466 1305 2531 „Teneas,
1333 2465 1685 2535 Damasippe,
1715 2465 1826 2519 tuis
1848 2470 1971 2520 te.“

373 2554 473 2605 325
511 2549 669 2603 Mine
693 2550 1016 2620 puellarum,
1046 2567 1342 2622 puerorum
1365 2550 1516 2605 mille
1539 2550 1770 2605 furores.

511 2638 606 2702 „O
630 2637 804 2691 maior
828 2637 1050 2690 tandem
1073 2653 1280 2707 parcas,
1308 2637 1518 2702 insane,
1554 2636 1781 2690 minori!
1805 2642 1842 2669 ‘⁴

513 2828 608 2874 301
649 2845 776 2890 qnam
802 2845 869 2877 me
893 2831 1139 2877 stultitiam.
1281 2828 1382 2875 303
1420 2831 1638 2877 abscisum
1663 2831 1838 2876 demens
1870 2845 1985 2877 cum.
2126 2829 2225 2876 304
2263 2841 2388 2880 tune.

370 2895 470 2943 313
511 2905 633 2944 tauto
656 2899 927 2946 dissimilem.
1001 2897 1100 2943 317
1138 2913 1239 2945 num
1266 2901 1458 2956 tandem,
1483 2914 1532 2946 se
1556 2900 1733 2956 inflans,
1760 2900 1842 2945 sie.
1916 2897 2037 2952 (318
2074 2903 2211 2946 maior
2233 2904 2395 2960 perni-

367 2968 493 3021 mio.)
595 2964 693 3010 318
732 2981 832 3013 num
860 2976 995 3013 tanto.
1070 2965 1167 3012 322
1206 2982 1341 3014 sanus
1364 2970 1485 3026 facit,
1511 2977 1555 3015 et
1579 2982 1714 3015 sanus
1738 2969 1874 3014 facies
1901 2977 1975 3026 ως
2002 2970 2123 3027 feeit,
2158 2983 2295 3016 sanus
2321 2971 2395 3016 fa-

366 3037 459 3081 cies
484 3042 547 3081 tu.
