2667 3809
351 247 448 299 176
1043 256 1456 299 nms'romtm
1482 244 1529 312 1,
1558 248 1611 299 4.
1639 247 1691 297 5.

1293 468 1418 532 IV.

974 618 1083 672 (Ad
1111 616 1348 665 Albium
1380 618 1727 672 Tibullum.)

490 742 650 806 Albi,
678 748 989 795 nostrorum
1013 757 1324 794 sermonum
1350 740 1581 796 candide
1603 741 1788 807 iudex,

490 828 624 899 quid
646 844 793 881 nunc
817 832 873 882 te
897 827 1073 881 dicam
1097 826 1273 881 facere
1296 827 1356 880 in
1380 826 1605 896 regione
1626 828 1891 883 Pedana?

489 913 724 970 scribere
748 911 897 984 quod
922 912 1074 966 Cassi
1096 912 1406 966 Parmensis
1429 913 1695 984 opuscula
1716 913 1917 979 vincat,

489 1019 559 1055 an
583 999 810 1055 tacitum
835 998 1003 1052 silvas
1022 997 1164 1052 inter
1187 1004 1402 1067 reptare
1426 998 1689 1064 salubres,

423 1095 451 1139 5
490 1092 770 1141 curantem
795 1083 1064 1155 quidquid
1087 1083 1316 1153 dignum
1341 1082 1585 1153 sapiente
1611 1084 1864 1155 bonoque
1888 1086 2008 1139 esti>

487 1191 600 1228 non
622 1179 686 1226 tu
711 1188 906 1243 corpus
931 1187 1049 1224 eras
1073 1169 1190 1223 sine
1212 1176 1433 1240 pectore
1451 1189 1465 1223 z
1504 1169 1563 1222 di
1585 1169 1689 1223 tibi
1711 1170 1958 1236 formam,

494 1259 552 1312 di
573 1257 675 1312 tibi
700 1257 921 1312 divitias
942 1255 1215 1310 dederunt
1237 1261 1518 1325 artemque
1540 1253 1779 1310 fruendi.

491 1343 625 1414 quid
646 1349 842 1397 voveat
864 1341 1014 1396 dulci
1038 1340 1314 1395 nutricula
1338 1341 1514 1394 maius
1538 1341 1778 1407 alumne,

492 1429 588 1500 qui
611 1445 798 1498 sapere
821 1434 878 1481 et
899 1427 1003 1481 fari
1026 1426 1202 1497 possit
1225 1443 1366 1496 quae
1390 1426 1592 1480 sentiat
1605 1465 1620 1491 ,
1649 1435 1706 1481 et
1727 1428 1818 1481 cui

390 1521 449 1567 10
487 1515 678 1585 gratia,
706 1514 874 1578 fama,
903 1511 1161 1566 valetudo
1187 1510 1473 1581 contingat
1494 1511 1733 1578 abunde,

488 1609 545 1656 et
567 1600 805 1658 mundus
829 1599 1007 1655 victus
1030 1615 1143 1653 non
1168 1596 1455 1651 deficiente
1477 1614 1736 1652 crumena
1749 1600 1774 1652 Ρ

487 1690 642 1744 Inter
665 1703 816 1757 spem
841 1676 1152 1754 curamque,
1180 1683 1404 1737 timores
1428 1682 1573 1738 inter
1597 1690 1653 1737 et
1674 1685 1782 1739 iras

489 1788 704 1827 omnem
731 1768 888 1825 crede
914 1770 1058 1823 diem
1083 1768 1188 1822 tibi
1212 1768 1478 1825 diluxisse
1503 1786 1847 1840 supremum:

490 1864 643 1930 grata
668 1854 1014 1927 superveniet
1038 1870 1180 1925 quae
1199 1871 1313 1909 non
1339 1855 1646 1927 sperabitur
1668 1856 1820 1911 hora.

391 1952 450 1996 15
488 1961 575 1997 me
599 1942 860 2014 pinguem
884 1946 941 1994 et
961 1939 1200 1994 nitidum
1221 1940 1363 1995 bene
1387 1948 1574 1995 curata
1597 1950 1722 1997 cute
1746 1942 1906 2008 vises,
1931 1962 1935 1969 ·

490 2046 614 2084 cum
634 2028 812 2082 ridere
834 2026 985 2082 voles
1009 2026 1237 2097 Epicuri
1261 2026 1330 2080 de
1354 2044 1520 2097 grege
1544 2043 1789 2097 porcum.

1299 2316 1385 2381 V.

1085 2461 1199 2514 (Aa
1225 2462 1621 2515 rona-tum.)

489 2582 547 2637 Si
573 2590 727 2655 potes
751 2582 1032 2637 Archiacis
1059 2583 1286 2637 conviva
1312 2581 1627 2637 recumbere
1651 2581 1806 2636 lectis

487 2686 587 2722 nec
612 2669 826 2723 modica
850 2686 1076 2722 coenare
1101 2669 1260 2723 times
1285 2668 1407 2739 olus
1432 2685 1592 2722 omne
1617 2667 1835 2739 patella,

487 2772 737 2827 supremo
762 2762 818 2809 te
843 2755 957 2809 sole
982 2754 1130 2810 domi
1144 2793 1158 2819 ,
1188 2755 1480 2824 Torquate,
1514 2752 1766 2806 manebo.

488 2841 614 2894 vina
636 2840 791 2894 bibes
816 2841 1013 2895 iterum
1037 2840 1215 2894 Tauro
1242 2839 1440 2893 diffusa
1464 2840 1734 2910 palustres

422 2933 450 2978 5
487 2926 631 2980 inter
654 2926 965 2979 Minturnas
990 2925 1489 2997 Sinuessanumque
1512 2925 1815 2980 Petrinum.

490 3056 525 3099 Ι.
565 3051 594 3096 2
632 3055 823 3098 Fadana.
896 3051 924 3096 4
963 3055 1270 3112 iuter-reptare.
1343 3054 1394 3107 (6
1432 3049 1562 3114 cris.)
1634 3052 1662 3097 7
1701 3054 1929 3100 dederant.
2003 3052 2032 3099 9
2070 3055 2174 3112 cui3
2200 3068 2362 3115 quam3

350 3127 474 3185 quin.
531 3121 589 3165 11
619 3131 664 3167 et
681 3122 834 3166 modus
852 3128 897 3166 et
913 3123 1079 3178 victus3
1103 3123 1167 3173 (ct
1184 3122 1339 3168 domus
1357 3131 1401 3167 ct
1417 3124 1596 3177 victus.)
1613 3144 1684 3155 —
1709 3123 1762 3168 V.
1788 3121 1811 3165 1
1840 3123 2073 3169 archaicis.
2131 3121 2163 3167 4
2189 3123 2361 3169 defusa.

468 3192 527 3237 n.
561 3191 639 3236 Ad
673 3189 906 3235 Albium
938 3191 1191 3236 amicum
1228 3205 1388 3236 suum
1421 3191 1687 3250 epistola
1721 3189 1771 3236 4.
1799 3214 1867 3225 —-
1903 3190 1935 3236 4
1971 3192 2141 3253 sylvas.
2215 3190 2245 3236 6
2282 3193 2362 3238 dii.

354 3261 380 3304 7
419 3262 480 3306 dii
506 3282 572 3292 —
597 3260 824 3304 dederant.
899 3255 928 3301 9
966 3271 1093 3317 quam
1121 3272 1294 3316 sapere.
1371 3256 1432 3303 10
1469 3261 1619 3316 gracia
1642 3282 1708 3292 —
1731 3260 1942 3307 valitudo.
2020 3259 2081 3305 13
2119 3261 2361 3307 doluisse.

350 3330 401 3379 V.
444 3327 726 3387 Epistola
763 3324 791 3369 5
829 3325 897 3370 ul
933 3326 1306 3386 Torquatum.
1336 3336 1397 3358 -'-
1441 3326 1463 3370 1
1505 3328 1738 3376 archaicis.
1811 3328 1840 3373 5
1878 3330 2139 3389 Myuturnas
2164 3330 2363 3390 Syuucs·

351 3410 611 3457 sanumque.
1843 3414 1848 3421 ·
