2667 3809
398 269 498 320 116

402 510 500 557 205

401 935 500 981 210

401 1362 500 1408 215

1149 275 1489 317 εΑτιιιΑιιιιιι
1514 264 1592 326 11,
1622 267 1672 316 3.

538 436 649 472 non
674 418 766 473 ille
790 423 887 471 aut
909 416 1174 470 Teucrum
1201 423 1298 469 aut
1321 416 1502 486 ipsum
1526 415 1762 470 violavit*
1778 416 1997 471 Ulixen.

540 505 785 571 „Verum
806 520 913 573 ego
938 509 1002 555 ut
1025 502 1311 556 haerentes
1337 502 1562 555 adverso
1587 501 1747 555 litore
1770 518 1937 556 naves

538 590 818 659 eriperem,
846 588 1083 659 prudens
1108 588 1317 658 placavi
1343 588 1609 656 sanguine
1634 587 1832 641 divos!

537 675 746 746 Nempe
771 682 887 738 tu0,
916 674 1137 726 furiose.
1193 673 1387 747 „Mem
1417 673 1515 726 sed
1535 691 1647 726 non
1677 673 1964 726 furiosus!
1950 678 2082 715 ‘-—-‘

539 759 652 818 Qui
677 760 882 829 species
908 759 1040 812 alias
1063 759 1177 812 veri
1202 759 1527 832 scelerisque
1551 757 1796 812 tumultu

540 844 836 915 permixtas
861 845 1064 914 capiet,
1095 852 1398 898 commotus
1423 844 1732 907 habebitur,
1761 849 1927 913 atque

538 928 844 983 stultitiane
868 937 1010 982 erret
1024 970 1038 994 ,
1068 931 1301 983 nihilum
1327 926 1581 992 distabit,
1611 945 1678 981 an
1705 928 1802 981 ira.

537 1014 681 1070 Aiax
708 1032 830 1068 cum
855 1015 1152 1069 immeritos
1178 1014 1404 1079 occidit,
1435 1013 1661 1084 desipit,
1692 1030 1892 1083 agnos,

539 1117 662 1153 cum
687 1099 926 1169 prudens
951 1101 1127 1154 scelus
1153 1100 1222 1153 ob
1246 1099 1452 1154 titulos*
1466 1098 1711 1153 admittis
1735 1101 1941 1164 inance,

540 1192 651 1237 stas
675 1185 865 1238 animo·
880 1188 938 1239 et
960 1203 1159 1255 purum
1184 1192 1268 1239 est
1290 1185 1426 1238 vitio
1451 1184 1553 1238 tibi
1578 1203 1700 1238 cum
1725 1186 1997 1245 tumidum
2024 1189 2112 1238 est
2132 1202 2225 1238 cor
2240 1186 2268 1238 Ρ

539 1270 585 1323 si
612 1271 733 1340 quis
756 1272 951 1325 lectica
973 1271 1203 1327 nitidam
1229 1276 1444 1340 gestare
1467 1277 1613 1326 amet
1639 1288 1854 1341 agnam,

538 1355 667 1408 huic
692 1361 898 1415 vestem
925 1362 989 1409 ut
1013 1363 1210 1425 gnatae
1235 1362 1417 1425 paret,
1448 1357 1673 1421 ancillas
1697 1364 1880 1426 paret,
1911 1374 2120 1422 aurum,

536 1441 739 1495 Rufam
764 1448 862 1494 aut
883 1441 1145 1495 Pusillam
1171 1441 1410 1512 appellet
1431 1442 1667 1512 fortique
1698 1443 1893 1496 marito

538 1527 777 1583 destinet
798 1542 1055 1580 uxorem.
1092 1527 1385 1583 interdicto
1411 1527 1540 1581 huic
1565 1545 1725 1581 omne
1750 1528 1994 1581 adimat
1977 1545 2064 1581 ius
2111 1570 2120 1579 ,

462 1608 467 1615 ’
537 1619 771 1684 praetor,
803 1618 858 1664 et
882 1611 953 1664 ad
974 1626 1136 1665 sanes
1161 1611 1323 1665 abeat
1346 1613 1522 1669 tutela
1544 1612 1900 1685 propinquos„
1977 1642 1982 1647 ·

400 1790 500 1836 220

402 2216 503 2261 225

404 2640 503 2691 230

539 1699 690 1769 quid,
721 1697 767 1749 si
784 1696 915 1766 ‘quis
941 1703 1160 1766 gnatam
1185 1713 1283 1766 pro
1308 1699 1720 1753 muta'devovet
1742 1715 1903 1768 agna,

536 1783 751 1851 integer
774 1788 859 1833 est
880 1781 1090 1834 animi?
1120 1788 1195 1834 ‘ne
1221 1782 1442 1836 dixeris.
1481 1801 1612 1854 ergo
1643 1783 1740 1839 ubi
1762 1801 1929 1853 prava

540 1867 791 1930 stultitia,
821 1866 911 1918 hic
935 1884 1145 1919 summa
1169 1874 1252 1920 est
1276 1867 1504 1921 insania.
1545 1869 1640 1939 qui
1666 1869 1960 1923 sceleratus

540 1959 595 2011 et
618 1952 857 2004 furiosus
883 1951 1003 2003 erit.
1043 1969 1205 2021 quem
1231 1954 1373 2023 cepit
1397 1953 1568 2011 vitrea
1591 1954 1750 2019 fama,

540 2039 687 2091 hunc
712 2037 1099 2091 circumtonuit
1123 2038 1365 2108 gaudens
1390 2039 1622 2093 Bellona
1643 2041 1900 2094 cruentis.
1928 2070 1997 2081 —

540 2124 704 2178 Nunc
730 2139 831 2191 age
856 2122 1128 2175 luxuriam
1152 2132 1209 2177 et
1229 2125 1636 2178 Nomentanum
1662 2126 1836 2197 arripe
1857 2142 2072 2191 mecum
2093 2146 2109 2178 ι

542 2209 724 2263 vincet
748 2207 894 2261 enim
919 2209 1116 2262 stultos
1137 2210 1277 2263 ratio
1303 2210 1539 2263 insanire
1563 2218 1807 2282 nepotes,

541 2294 631 2346 hic
656 2293 817 2346 simul
842 2295 1050 2364 accepit
1071 2294 1364 2365 patrimoni
1388 2295 1537 2348 mille
1559 2296 1784 2361 talenta,

543 2379 734 2444 edicit,
763 2380 1003 2449 piscator
1027 2379 1137 2443 uti,
1171 2380 1464 2448 pomarius,
1494 2397 1712 2451 auceps,

541 2465 939 2535 unguentarius
963 2482 1025 2517 ac
1049 2464 1211 2517 Tusci
1234 2464 1398 2541 turba
1420 2464 1588 2535 impia
1611 2466 1733 2531 vici,

544 2569 666 2607 cum
692 2550 890 2604 scurris
912 2549 1098 2612 fartor,
1135 2566 1257 2602 cum
1284 2550 1515 2607 Velabro
1541 2567 1701 2604 omne
1724 2552 2011 2607 macellum

540 2653 699 2690 mane
725 2636 946 2690 domum
972 2637 1214 2693 veniant.
1254 2634 1387 2704 quid
1412 2637 1571 2690 tum?
1606 2654 1799 2691 venere
1823 2623 2167 2708 frequentes,
2155 2662 2167 2675 ·

539 2722 705 2775 verba
726 2721 857 2775 facit
879 2721 1038 2775 leno·
1078 2720 1348 2791 quidquid
1373 2721 1537 2785 mihi,
1568 2723 1838 2793 quidquid
1864 2732 1921 2778 et
1943 2725 2138 2778 horum

543 2797 739 2875 cuique
767 2805 915 2858 domi
939 2811 1048 2870 est,
1079 2805 1137 2858 id
1162 2806 1320 2859 crede
1345 2813 1502 2863 tuum
1527 2815 1583 2860 et
1608 2808 1693 2862 vel
1718 2825 1863 2863 nunc
1888 2816 2013 2879 pete
2037 2811 2124 2864 ³vel
2150 2827 2288 2903 cras.

542 2890 763 2959 Accipe,
794 2890 928 2959 quid
953 2897 1142 2944 contra
1165 2890 1380 2945 iuvenis
1401 2893 1743 2962 responderit
1766 2911 2003 2965 aequus·

543 2974 602 3027 in
626 2974 751 3029 nive
775 2974 1000 3028 Lucana
1023 2975 1225 3030 dormis
1251 2986 1516 3043 ocreatus,
1545 2986 1611 3032 ut
1634 2995 1823 3049 aprum

409 3065 507 3111 235
546 3076 767 3112 coenem
792 3075 925 3128 ego,
963 3066 1026 3113 tu
1051 3061 1227 3130 pisces
1251 3062 1480 3117 hiberno
1505 3081 1574 3117 ex
1599 3081 1833 3135 aequore
1856 3066 2045 3120 verris.

548 3200 647 3246 208
674 3206 818 3258 veris;
845 3217 965 3247 vero.
1039 3201 1135 3247 211
1175 3204 1412 3252 immeritos
1437 3222 1559 3265 cum3
1587 3209 1704 3256 dum.
1777 3207 1876 3253 212
1903 3212 2149 3256 committis.
2222 3208 2322 3255 213
2362 3225 2420 3256 au

407 3285 566 3330 purum
602 3279 696 3326 θαι,
731 3274 888 3329 purum
925 3271 999 3315 libi
1037 3287 1133 3316 cum
1167 3274 1270 3320 vitio
1296 3277 1503 3322 tumidum
1527 3291 1621 3322 cor.
1762 3276 1862 3323 215
1900 3287 2059 3338 gnatae
2083 3287 2158 3336 m3
2197 3287 2247 3324 ιιι
2271 3287 2419 3326 natac.

409 3337 510 3384 216
537 3336 1446 3399 Pu1iam3Pusam3Posillam3Rufillam.
1519 3342 1618 3389 219
1648 3348 1686 3391 si
1712 3350 1802 3406 qui.
1876 3345 1974 3392 225
1999 3349 2151 3393 vincit.
2212 3345 2314 3392 230
2344 3350 2420 3407 qui

406 3415 526 3452 ιιιιιι·
513 3439 527 3465 ,
556 3408 660 3466 quid
685 3415 819 3465 tunc;
844 3408 946 3466 quid
971 3409 1112 3466 euim3
1143 3410 1239 3469 (qui
1263 3414 1398 3467 cum.)
1473 3411 1572 3458 233
1609 3423 1763 3461 contra
1787 3416 1911 3462 baec.
1984 3413 2084 3460 235
2121 3416 2268 3462 vellis.
