2667 3809
343 267 441 318 188
1065 272 1478 315 nmerommm
1502 260 1551 324 Ι,
1581 265 1631 312 7.

473 418 707 471 Parvum
731 432 897 486 parva
921 416 1133 468 decent.
1171 414 1309 468 mihi
1338 415 1446 468 iam
1471 430 1584 467 non
1606 413 1758 483 regia
1780 413 1977 483 Roma,

369 511 438 556 45
475 504 572 557 sed
595 519 827 557 vacuum
852 502 1021 555 Tibur
1044 500 1223 571 placet
1244 507 1342 553 aut
1364 499 1585 553 imbelle
1604 499 1918 552 Tarentum.
1945 527 2015 538 —-

473 589 741 643 Strenuus
766 596 824 640 et
843 587 1001 641 fortis
1026 586 1309 657 causisque
1333 585 1624 656 Philippus
1649 583 1877 654 agendis

476 674 669 738 clarus,
698 672 767 725 ab
792 672 983 727 officiis
1008 678 1254 725 octavam
1278 671 1492 724 circiter
1514 671 1704 724 horam

475 759 605 812 dum
628 758 772 812 redit
791 765 959 827 atque
984 757 1102 810 foro
1127 756 1356 809 nimium
1380 756 1582 810 distare
1608 755 1830 811 Carinas

474 844 580 900 iam
604 842 827 913 grandis
850 847 985 895 natu
1011 842 1274 912 queritur,
1303 841 1586 912 conspexit
1609 871 1680 881 —
1705 848 1768 895 ut
1791 841 1947 896 aiunt
1971 871 2041 882 —

373 936 437 981 50
475 929 727 982 adrasum
753 927 1024 998 quendam
1048 944 1218 980 vacua
1241 927 1478 981 tonsoris
1501 927 1560 980 in
1585 926 1777 980 umbra

477 1013 699 1067 cultello
723 1012 971 1083 proprios
994 1020 1319 1082 purgantem
1343 1012 1540 1066 leniter
1564 1030 1796 1084 ungues.

478 1098 812 1164 ‚,Demetri“
838 1128 906 1136 —
930 1115 1065 1167 puer
1089 1098 1179 1151 hic
1202 1115 1311 1151 non
1338 1098 1489 1153 laeve
1514 1098 1662 1152 iussa
1684 1097 1927 1168 Philippi

475 1183 774 1254 accipiebat
798 1212 863 1223 —-
890 1182 1052 1248 „abi,
1081 1199 1280 1253 quaere
1306 1189 1364 1237 et
1385 1183 1542 1247 refer,
1577 1183 1724 1236 unde
1748 1183 1928 1246 domo,
1960 1183 2099 1253 quis,

474 1269 629 1323 cuius
652 1269 921 1334 fortunae,
952 1286 1060 1340 quo
1086 1268 1158 1322 sit
1179 1276 1336 1340 patre
1359 1286 1536 1340 quove
1559 1273 1856 1340 patrono.“

318 1382 327 1392 ·
374 1361 436 1406 55
475 1355 547 1420 it,
576 1354 720 1409 redit
742 1362 798 1409 et
822 1362 1036 1409 narratz
1073 1353 1352 1409 Vulteium
1377 1355 1598 1408 nomine
1623 1354 1862 1418 Menam,

473 1457 811 1510 praeconem,
841 1440 996 1495 tenui
1020 1456 1203 1506 censu,
1233 1440 1352 1494 sine
1377 1441 1601 1495 crimine
1625 1447 1836 1505 notum,

472 1531 527 1577 et
549 1542 835 1596 properare
859 1525 980 1579 loco
1006 1531 1062 1579 et
1086 1542 1294 1579 cessare
1318 1532 1376 1579 et
1390 1543 1658 1596 'quaerere
1683 1531 1739 1578 et
1762 1524 1863 1589 uti,

471 1611 801 1680 gaudentem
822 1610 1111 1682 parvisque
1136 1611 1416 1665 sodalibus
1441 1619 1498 1664 et
1519 1612 1632 1665 lare
1657 1617 1804 1664 certo

472 1701 528 1747 et
552 1694 697 1749 ludis
721 1703 777 1750 et
800 1703 926 1767 post
949 1697 1130 1750 decisa
1151 1698 1376 1768 negotia
1399 1704 1631 1768 campo.'

370 1784 435 1830 60
474 1779 702 1843 „scitari
724 1780 861 1833 libet
884 1797 953 1833 ex
976 1779 1097 1851 ipso
1121 1783 1489 1853 quodcunque
1511 1782 1696 1845 refers,
1733 1781 1821 1833 dic

471 1863 542 1916 ad
568 1881 790 1917 coenam
813 1865 1063 1919 veniat.“
1110 1883 1221 1919 non
1241 1885 1375 1921 saue
1401 1868 1618 1922 credere
1643 1867 1827 1931 Mena,

472 1948 657 2001 mirari
680 1967 865 2004 secum
889 1951 1105 2007 tacituS.
1145 1953 1281 2023 quid
1304 1953 1518 2008 multa?
1554 1953 1878 2024 ‚‚benigne“

471 2034 785 2104 respondet.
827 2044 1039 2107 „neget
1061 2038 1156 2092 ille
1180 2039 1317 2093 mihi
1333 2040 1358 2093 P
1375 2045 1412 2070 ‘⁴
1465 2038 1693 2108 „Neqat
1715 2037 1984 2107 improbus
2007 2044 2061 2091 et
2086 2041 2135 2090 te

470 2118 694 2187 neqliqit
716 2127 815 2173 aut
835 2122 1084 2177 horret.f‘
1132 2125 1414 2179 Vulteium
1443 2142 1599 2179 mane
1624 2123 1912 2196 Philippus

370 2208 433 2254 65
471 2203 603 2257 vilia
626 2204 949 2261 vendentem
973 2210 1217 2263 tunicato
1243 2217 1427 2263 scruta
1448 2208 1666 2280 popello

471 2296 702 2360 occupat
725 2297 782 2345 et
804 2293 1011 2347 salvere
1035 2293 1190 2348 iubet
1211 2294 1380 2365 prior.
1397 2294 1510 2348 ·ille
1534 2294 1791 2365 Philippo

469 2391 726 2430 excusare
752 2375 991 2431 laborem
1016 2385 1072 2432 et
1094 2380 1428 2434 mercenaria
1452 2379 1647 2443 vincla,

469 2459 618 2529 quod
642 2478 753 2514 non
778 2479 937 2516 mane
962 2463 1183 2517 domum
1208 2464 1466 2528 venisset,
1496 2463 1732 2534 denique
1758 2463 1908 2534 quod
1930 2480 2042 2517 non

467 2545 795 2613 providisset
818 2564 962 2601 eum.
1001 2548 1124 2613 „sie
1147 2549 1424 2620 ignovisse
1447 2556 1645 2620 putato

370 2636 395 2679 7
404 2634 431 2680 0
469 2647 554 2683 me
580 2631 699 2697 tibi,
730 2633 776 2685 si
802 2649 997 2687 coenas
1023 2633 1185 2687 hodie
1209 2639 1490 2686 mecum.“
1541 2635 1662 2699 „Ut
1685 2634 1887 2689 libet.“
1937 2633 2132 2704 „Ergo

467 2722 595 2784 post
617 2733 817 2770 nonam
842 2717 1044 2771 venies.
1082 2735 1229 2771 nunc
1254 2719 1291 2783 i,
1318 2734 1435 2772 rem
1460 2725 1712 2772 strenuus
1738 2724 1946 2789 auge.“

467 2800 541 2853 Ut
565 2808 788 2854 ventum
811 2802 884 2855 ad
908 2819 1129 2856 coenam
1154 2809 1255 2868 est,
1285 2803 1516 2856 dicenda
1536 2805 1768 2858 tacenda
1790 2805 2006 2859 locutus

468 2885 690 2938 tandem
715 2885 1009 2941 dormitum
1036 2888 1351 2943 dimittitur.
1391 2890 1481 2943 hic
1504 2890 1601 2943 ubi
1625 2907 1785 2961 saepe

468 3063 503 3106 1.
543 3060 606 3106 50
643 3063 863 3108 abrasum.
960 3063 1019 3108 51
1061 3067 1253 3124 proprio.
1352 3065 1417 3111 54
1453 3081 1640 3126 quoque.
1736 3066 1804 3113 56
1840 3077 2004 3114 natum.
2087 3065 2151 3111 58
2188 3075 2337 3112 curlo.

333 3127 395 3173 60
434 3143 735 3189 quaecunque.
831 3129 897 3175 63
935 3141 1067 3190 negat
1090 3130 1183 3179 ille.
1270 3132 1332 3178 69
1371 3137 1654 3194 provisisset3
1680 3136 1981 3196 praevidisset.
2068 3135 2128 3179 71
2167 3137 2337 3181 veniae.

334 3195 396 3240 73
435 3198 555 3254 heic3
583 3198 711 3256 hine3
739 3198 849 3256 hu03
876 3207 966 3246 aut.

446 3266 501 3310 ΙΙ.
541 3264 605 3308 44
643 3266 824 3312 Rhome.
898 3266 961 3311 50
1000 3267 1217 3314 abrasum.
1291 3269 1355 3314 59
1393 3272 1590 3327 negocia.
1665 3269 1727 3315 63
1766 3272 2043 3329 resspondet.
2089 3278 2218 3330 neget
2243 3271 2339 3316 ille.

423 3333 500 3378 ΙΙΙ.
539 3331 603 3377 45
642 3334 818 3380 inbelle.
902 3332 968 3379 46
1008 3336 1246 3382 Struuuus.
1330 3337 1394 3382 55
1433 3351 1602 3382 menan.
1691 3337 1753 3382 62
1792 3340 1884 3397 quit
1909 3340 2057 3386 multa.
2153 3337 2216 3384 64
2257 3353 2342 3383 ne-

331 3399 487 3459 glegit.
