2667 3809
368 241 467 292 134
1107 245 1445 289 sumnum
1468 233 1547 299 11,
1576 238 1628 287 5.

404 399 467 446 60
506 391 748 445 divinare
773 390 973 444 etenim
996 406 1226 460 magnus
1255 389 1393 442 mihi
1417 390 1586 443 donat
1609 388 1876 459 Apollo.“
1963 444 1969 454 ,

505 477 657 537 Quid
680 483 862 531 tamen
886 477 992 530 ista
1014 475 1146 530 velit
1170 475 1275 529 sibi
1300 475 1502 541 fabula,
1532 476 1579 529 si
1602 475 1749 539 lieet,
1779 475 1897 528 ede.

503 565 809 633 „Tempore
835 580 943 633 quo
967 561 1179 615 iuvenis
1202 562 1422 616 Parthis
1446 561 1766 626 horrendus,
1795 561 1864 615 ab
1887 560 2003 615 alto

505 648 798 703 demissum
824 666 997 719 genus
1020 649 1226 714 Aenea,
1254 648 1450 701 tellure
1473 647 1717 718 marique

507 753 739 805 magnus
764 736 883 801 erit,
911 735 1043 789 forti
1065 734 1238 789 nubet
1260 751 1484 805 procera
1508 735 1720 788 Corano

404 828 467 874 65
507 822 619 875 filia
640 822 888 886 Nasicae,
916 820 1208 874 metuentis
1231 821 1459 874 reddere
1484 819 1717 875 soldum.

504 915 622 962 tum
649 925 815 977 gener
837 907 941 960 hoo
966 905 1155 961 facietz
1194 905 1409 959 tabulas
1434 922 1619 959 socero
1644 905 1798 959 dabit
1818 912 1983 975 atque

506 1002 566 1048 ut
591 994 740 1063 legat
763 992 958 1046 orabit.
1008 992 1243 1046 multum
1264 991 1466 1046 Nasica
1487 998 1713 1062 negatas

503 1080 731 1149 accipiet
753 1079 972 1133 tandem
998 1085 1053 1131 et
1074 1079 1273 1131 tacitus
1297 1077 1446 1149 leget
1468 1073 1816 1148 invenietque

502 1163 583 1219 nil
607 1164 712 1218 sibi
734 1164 976 1235 legatum
1000 1170 1213 1233 praeter
1234 1163 1447 1233 plorare
1471 1163 1712 1234 suisque.

403 1257 467 1304 70
505 1250 655 1303 Illud
679 1250 749 1303 ad
773 1249 904 1302 haee
928 1247 1121 1303 iubeo:
1160 1249 1356 1303 mulier
1379 1249 1427 1303 si
1448 1249 1588 1303 forte
1614 1248 1803 1302 dolosa

502 1335 797 1390 libertusve
823 1352 1005 1388 senem
1031 1333 1260 1388 delirum
1286 1342 1569 1406 temperet,
1599 1336 1708 1390 illis

503 1422 725 1475 accedas
750 1420 929 1474 socius
943 1443 956 1485 ;
997 1420 1204 1486 laudes,
1232 1421 1470 1476 lauderis
1494 1429 1560 1475 ut
1582 1422 1795 1475 absens.

502 1508 725 1561 adiuvat
746 1507 850 1559 hoc
876 1523 1119 1576 quoque;
1161 1506 1257 1559 sed
1281 1506 1453 1561 vincit
1474 1507 1639 1577 longe
1663 1507 1831 1577 prius,
1861 1507 2042 1578 ipsum

504 1610 816 1664 expugnare
842 1599 1021 1662 eaput.
1073 1591 1272 1645 scribet
1293 1592 1437 1645 mala
1460 1593 1697 1646 carmina
1717 1610 1934 1648 vecors:

404 1686 465 1732 75
502 1679 744 1732 laudato.
796 1684 1059 1731 scortator
1082 1678 1215 1731 eritz
1254 1695 1383 1732 cave
1407 1685 1463 1732 te
1486 1685 1660 1749 roget,
1690 1679 1835 1732 ultro

498 1763 826 1833 Penelopam
850 1763 1021 1817 facilis
1044 1763 1245 1835 potiori
1268 1764 1489 1817 trade.“
1539 1764 1781 1818 Putasne

505 1848 729 1921 perduci
755 1848 956 1918 poterit
977 1855 1089 1902 tam
1112 1849 1258 1920 frugi
1283 1856 1503 1920 tamque
1528 1849 1744 1921 pudiea,

506 1951 667 2004 quam
691 1934 946 2004 nequiere
971 1935 1121 2005 proci
1143 1943 1292 1989 recto
1318 1935 1590 2006 depellere
1616 1937 1817 1990 cursu?

507 2019 715 2085 „Venit
738 2020 884 2073 enim
906 2038 1162 2091 magnum
1189 2021 1430 2075 donandi
1453 2038 1616 2092 parca
1638 2021 1911 2086 iuventus,

403 2112 467 2159 80
505 2121 604 2158 nec
631 2112 844 2158 tantum
874 2106 1096 2160 Veneris
1121 2115 1386 2177 quantum
1411 2107 1657 2165 studiosa
1680 2106 1911 2161 culinae.

458 2180 463 2189 ἶ
504 2189 582 2243 sic
607 2190 708 2244 tibi
730 2191 1004 2263 Penelope
1027 2193 1173 2264 frugi
1198 2201 1298 2264 est,
1328 2211 1468 2264 quae
1492 2193 1540 2247 si
1563 2193 1730 2246 semel
1752 2211 1864 2247 uno

507 2276 574 2330 de
600 2294 727 2330 sene
752 2278 987 2347 gustarit
1011 2286 1188 2332 tecum
1212 2280 1413 2350 partita
1435 2279 1711 2344 lucellum,

506 2368 570 2415 ut
595 2361 741 2416 oanis
765 2381 797 2416 a
821 2364 967 2418 corio
993 2382 1272 2435 nunquam
1295 2365 1686 2419 absterrebitur
1709 2372 1896 2420 uncto.

504 2447 599 2501 Me
625 2466 753 2503 sene
776 2449 926 2520 quod
951 2450 1124 2503 dicam
1150 2450 1352 2505 factum
1378 2458 1480 2506 est.
1532 2469 1668 2509 anus
1692 2451 1937 2523 improba
1958 2451 2161 2506 Thebis

404 2541 467 2587 85
506 2553 572 2590 ex
598 2542 922 2590 testamento
949 2536 1025 2590 sio
1050 2544 1133 2590 est
1156 2536 1328 2591 elatat
1369 2537 1597 2592 cadaver

502 2627 728 2674 unctum
753 2621 875 2675 oleo
898 2621 1050 2692 largo
1075 2622 1238 2675 nudis
1261 2612 1503 2677 humeris
1527 2623 1659 2678 tulit
1681 2624 1864 2689 heres3

504 2705 711 2759 scilieet
735 2704 874 2760 elabi
899 2707 945 2764 si
970 2715 1156 2777 posset
1181 2716 1414 2774 mortua,
1449 2711 1627 2776 credo,

505 2792 653 2861 quod
675 2792 904 2847 nimium
927 2793 1201 2848 institerat
1223 2792 1450 2849 viventi.
1501 2805 1692 2850 cautus
1716 2796 1885 2861 adito,

502 2893 610 2929 neu
634 2876 777 2930 desis
802 2894 996 2947 operae
1020 2896 1156 2933 neve
1180 2880 1566 2935 immoderatus
1591 2881 1854 2936 abundes.

401 2966 465 3013 9⁰
503 2960 779 3015 difficilem
804 2969 860 3016 et
883 2980 1157 3018 morosum
1183 2965 1421 3021 offendet
1444 2968 1725 3037 garrulum
1766 2967 1910 3021 ultro

365 3069 555 3076 ——ff

498 3119 562 3167 60
589 3123 690 3167 ιιιίΙιί
717 3137 905 3182 magnus
929 3124 1089 3171 donat:
1116 3116 1217 3171 'mihi
1238 3128 1371 3173 donat
1389 3143 1598 3186 maguum
1629 3130 1725 3184 (aut
1740 3144 1829 3175 non
1847 3130 2041 3175 divinare
2060 3128 2164 3174 mihi
2181 3143 2372 3187 maguus

360 3190 538 3235 donavit
560 3191 757 3250 Apollo.)
834 3191 896 3236 70
934 3193 989 3236 ud
1014 3178 1121 3250 boc;
1149 3195 1305 3241 adhue.
1382 3196 1443 3241 73
1482 3200 1641 3245 vincet.
1724 3198 1785 3242 75
1825 3213 1977 3243 caveas
2002 3206 2152 3257 rogen
2182 3213 2284 3243 cave
2309 3212 2368 3243 ne

359 3267 504 3316 roget.
579 3258 641 3302 78
668 3262 922 3319 nequivere.
1000 3260 1061 3305 79
1089 3264 1199 3307 enim
1225 3278 1407 3323 magno3
1439 3268 1570 3318 (enim
1589 3291 1654 3298 —
1677 3268 1915 3326 indignum.
1942 3269 2030 3321 —)
2106 3265 2186 3320 (81
2218 3268 2368 3312 Pene-

358 3326 476 3441 iopg.
463 3329 497 3380 .)
587 3325 906 3443 82lgustavi13
933 3337 1144 3387 gustaret.
1233 3331 1293 3376 87
1332 3335 1444 3381 elabi
1469 3337 1561 3393 sic;
1588 3336 1700 3381 elabi
1726 3344 1775 3383 ιιι
1798 3338 1880 3382 sie.
1963 3335 2026 3380 90
2064 3336 2267 3389 offenditg
2294 3336 2368 3379 of-

380 3409 433 3440 en
466 3410 514 3441 es
543 3419 595 3428 -
630 3411 658 3442 u
682 3405 748 3442 trs
