2667 3809
377 266 477 317 148
822 290 825 299 ·
1124 276 1459 321 summum
1487 264 1563 328 IL
1596 267 1646 317 7.

515 416 592 470 Te
617 416 814 473 coniux
837 416 1015 477 aliena
1038 417 1200 488 capit,
1226 417 1572 475 meretricula
1588 419 1823 473 Davum.

517 509 704 574 peccat
728 509 849 559 uter
873 509 1118 556 nostrum
1143 504 1582 575 cruce-dignius?
1621 505 1758 559 acris
1781 504 1878 559 ubi
1900 521 1990 558 me

514 595 710 642 natura
732 588 990 652 incendit,
1019 589 1121 642 sub
1146 588 1290 644 clara
1298 590 1462 645 *nuda
1482 589 1702 645 lucerna
1889 644 1896 653 ,

518 691 872 746 quaecunque
895 675 1111 746 excepit
1132 676 1402 746 turgentis
1427 678 1649 731 verbera
1671 676 1890 740 caudae,

417 768 481 814 50
520 761 769 815 clunibus
793 767 890 814 aut
912 761 1139 831 agitavit
1162 779 1368 832 equum
1387 761 1584 823 lasciva
1605 763 1880 834 supinum,

517 846 943 917 dimittit-neque
965 847 1230 901 famosum
1254 864 1430 917 neque
1455 847 1763 913 sollicitum,
1792 866 1862 902 ne

518 931 687 987 ditior.
704 938 801 989 aut
822 932 1026 987 forma'e
1051 932 1288 986 melioris
1311 933 1479 987 meiat
1501 934 1709 990 eodem.

516 1026 580 1070 tu
607 1034 731 1075 cum
753 1019 1005 1087 proiectis
1030 1019 1355 1088 insignibnS,
1384 1020 1552 1072 anulo
1574 1018 1810 1090 equestri

516 1102 873 1174 Romanoque
897 1104 1106 1169 habitu,
1137 1104 1319 1175 prodis
1345 1123 1412 1157 ex
1437 1105 1616 1169 iudice
1641 1106 1816 1158 Dama

417 1195 489 1243 55-
520 1184 712 1259 turpis,
741 1189 1026 1245 odoratum
1051 1197 1213 1261 caput
1237 1191 1559 1245 obscurante
1582 1190 1811 1254 lacerna,

494 1267 629 1327 'non
655 1292 713 1329 es
737 1276 885 1346 quod
909 1276 1169 1331 simulas?
1207 1284 1454 1330 metuens
1478 1276 1751 1331 induceris
1775 1284 1939 1346 atque

521 1359 814 1417 altercante
836 1362 1157 1421 libidinibus
1180 1363 1366 1416 tremis
1390 1380 1512 1417 ossa
1534 1378 1751 1433 pavore.

520 1446 653 1516 quid
672 1448 854 1513 refert,
885 1448 986 1513 uri,
1016 1448 1181 1518 virgis
1205 1449 1457 1519 ferroque
1480 1448 1662 1503 necari

517 1540 829 1589 auctoratus
853 1551 960 1598 eas,
989 1546 1059 1587 an
1083 1534 1231 1604 turpi
1254 1534 1470 1589 clausus
1494 1534 1552 1587 in
1576 1551 1715 1598 arca}

416 1623 480 1668 60
519 1635 628 1687 quo
652 1624 708 1672 te
731 1619 950 1675 demisit
972 1620 1179 1691 peccati
1202 1621 1418 1675 conscia
1441 1619 1646 1683 herilis,

517 1710 853 1761 contractum
880 1706 1110 1775 genibus
1134 1713 1327 1776 tangas
1354 1706 1558 1775 caput?
1593 1712 1744 1758 estne
1769 1706 1962 1761 marito

517 1796 792 1843 matronae
817 1791 1090 1860 peccantis
1114 1790 1172 1843 in
1196 1790 1355 1843 ambo
1382 1791 1525 1845 iusta
1547 1798 1785 1862 potestas
1799 1793 1824 1845 Ρ

518 1876 576 1929 in
602 1884 970 1948 corruptorem
994 1876 1078 1931 vel
1103 1875 1314 1931 iustior.
1356 1876 1454 1933 illa
1476 1883 1655 1931 tamen
1681 1895 1738 1931 se

398 2024 405 2029 ᾖ
518 1978 629 2013 non
654 1961 844 2017 habitu
867 1969 1108 2017 mutatve
1132 1961 1253 2014 loco
1278 1969 1530 2032 peccatve
1554 1981 1801 2034 superne,

419 2052 482 2097 65
522 2064 645 2100 cum
669 2054 723 2101 te
746 2048 1003 2105 formidet
1024 2048 1218 2101 mulier
1241 2064 1419 2118 neque
1444 2049 1628 2102 credat
1651 2048 1874 2103 amanti.

520 2131 625 2187 ibis
650 2133 751 2187 s'ub
774 2134 978 2211 furcam
1004 2135 1258 2204 prudens,
1289 2135 1618 2207 dominoque
1640 2133 1844 2191 furenti

522 2219 824 2277 committes
846 2237 961 2275 rem
985 2237 1197 2277 omnem
1222 2228 1278 2275 et
1301 2222 1468 2277 vitam
1492 2229 1548 2274 et
1571 2237 1694 2277 cum
1709 2232 1936 2290 ‘corpore
1962 2220 2180 2273 famam.

521 2305 719 2360 evasti:
757 2307 916 2360 credo
940 2314 1148 2361 metues
1173 2307 1475 2378 doctusque
1500 2306 1746 2370 cavebis3

519 2408 743 2460 quaeres
768 2394 986 2463 quando
1009 2394 1204 2448 iterum
1230 2410 1424 2463 paveas
1448 2392 1752 2462 iterumque
1775 2392 1949 2463 perire

418 2483 483 2529 70
519 2479 712 2547 possis,
742 2497 775 2533 o
798 2480 961 2537 toties
986 2481 1198 2534 servus!
1237 2497 1375 2549 quae
1397 2479 1561 2535 belua
1582 2479 1756 2549 ruptis

520 2581 643 2618 cum
669 2567 833 2623 semel
854 2565 1075 2636 effugit,
1102 2566 1285 2620 reddit
1307 2582 1366 2618 se
1389 2582 1554 2635 prava
1579 2564 1821 2618 catenis?

518 2669 675 2716 „non
699 2670 820 2706 sum
844 2652 1146 2707 moechus“
1173 2652 1268 2705 ais.
1307 2668 1485 2721 neque
1509 2666 1611 2721 ego
1636 2650 1864 2707 hercule
1878 2650 1983 2715 fur,
2015 2648 2106 2704 ubi
2129 2665 2257 2703 vasa

498 2744 796 2807 ‚praetereo
821 2739 1034 2810 sapiens
1057 2746 1333 2809 argentea,
1369 2737 1499 2793 tolle
1524 2736 1803 2808 periclum,

517 2822 624 2879 iam
647 2839 786 2893 vaga
807 2820 1052 2893 prosiliet
1073 2824 1239 2878 frenis
1263 2830 1458 2879 natura
1475 2823 1720 2877 remotis.

418 2916 481 2961 75
521 2915 652 2963 tune
674 2908 810 2962 mihi
834 2909 1103 2974 dominus,
1131 2919 1309 2967 rerum
1334 2908 1573 2979 imperiis
1596 2908 1987 2980 hominumque

428 3044 435 3051 .
519 3002 605 3048 tot
626 2994 899 3067 tantisque
923 2995 1118 3060 minor,
1146 3008 1313 3066 quem·
1329 3002 1412 3049 ter
1436 2995 1675 3051 vindicta
1699 3001 1996 3065 quaterque

520 3080 775 3151 imposita
797 3079 945 3137 haud
968 3097 1207 3151 unquam
1226 3081 1425 3134 ‘misera
1446 3080 1733 3135 formidine
1763 3080 1979 3151 privet?

522 3223 588 3269 48
623 3225 810 3270 intendit
832 3246 900 3258 —
922 3224 1117 3270 lacerna.
1225 3225 1287 3275 52
1325 3227 1557 3271 sollicitum
1582 3241 1664 3272 me.
1772 3223 1837 3270 58
1874 3228 1944 3272 uri
1968 3227 2123 3283 virgis,
2151 3226 2377 3284 ferroque-

384 3292 451 3339 60
488 3295 654 3353 peccati
679 3293 863 3339 demisit.
937 3291 995 3337 61
1038 3301 1301 3340 contractum
1327 3303 1377 3339 ut
1399 3296 1600 3352 genibus.
1674 3292 1736 3339 62
1775 3295 1940 3341 ambos.
2015 3293 2079 3339 64
2111 3301 2374 3354 pecestque3

382 3364 698 3476 ⁴(lupecte7tq'ue.)
762 3361 823 3406 67
852 3364 1094 3407 committis.
1157 3359 1221 3406 68
1246 3365 1415 3409 erasti?
1441 3372 1605 3410 metues
1628 3364 1777 3409 credo.
1841 3363 1905 3410 69
1932 3364 2124 3424 quaeris.
2186 3362 2244 3406 71
2275 3362 2377 3408 red·

415 3440 473 3477 et.
645 3432 800 3490 privat.
1260 3434 1275 3441 ”
