2667 3809
400 275 472 328 86
1130 286 1465 330 SATIRARUM
1486 275 1534 340 Ι,
1562 279 1643 328 10.

544 429 865 500 contemptis
889 428 1010 482 aliis
1035 429 1256 500 explosa
1278 414 1587 483 Arbuscula
1610 429 1770 484 dixit.

542 516 683 568 men'
707 523 922 570 moveat
940 516 1117 570 cimex
1139 515 1425 581 Pantilius,
1454 523 1550 569 aut
1573 517 1777 570 cruciet
1802 516 1948 587 quod

540 601 756 655 vellicet
778 602 1054 655 absentem
1079 601 1407 666 Demetrius,
1435 611 1534 655 aut
1556 601 1704 673 quod
1726 601 1944 671 ineptus

438 691 502 738 80
542 686 783 740 Fannius
807 686 1170 757 Hermogenis
1184 686 1375 741 -laedat
1395 689 1624 742 conviva
1646 687 1882 757 Tigelli?

539 768 751 825 Plotius
776 777 831 825 et
853 772 1065 836 VariuS,
1094 773 1381 826 Maecenas
1405 773 1791 849 virgiliusque,

540 857 766 928 Valgius
791 867 847 911 et
870 857 1064 927 probet
1087 858 1218 911 haec
1243 854 1503 912 Octavius
1528 861 1765 929 optimus
1787 866 1951 930 atque
2013 846 2018 851 ⁴

539 944 747 997 Fuscus
773 949 829 996 et
852 945 983 997 haec
1009 944 1215 997 utinam
1239 943 1521 999 Viscorum
1544 944 1732 999 laudet
1754 942 2009 1016 uterque!

541 1028 833 1082 ambitione
856 1025 1097 1101 relegata
1117 1038 1173 1084 te
1198 1029 1375 1083 dicere
1399 1047 1637 1100 possum,
2019 1046 2030 1049 “

439 1119 502 1167 85
539 1113 733 1178 Punic,
763 1122 819 1168 te
843 1114 1095 1179 Messala,
1123 1123 1222 1168 tuo
1247 1133 1370 1169 cum
1393 1115 1575 1183 fratre,
1603 1116 1871 1188 simulque
1923 1157 1944 1170 -.
1995 1150 1998 1157 ›

539 1218 636 1255 vos
659 1199 856 1254 Bibule
881 1207 938 1253 et
962 1199 1115 1254 Servi
1130 1204 1156 1265 ;'
1183 1201 1345 1255 simul
1369 1201 1453 1255 his
1478 1209 1551 1267 te,
1580 1202 1807 1256 candide
1833 1202 2021 1268 Furni,

540 1286 840 1357 complures
864 1286 1017 1352 alios,
1046 1287 1234 1341 doctos
1258 1304 1361 1357 ego
1388 1305 1523 1358 quos
1549 1294 1605 1340 et
1626 1288 1827 1345 amieos

535 1373 772 1442 prudens
797 1380 1099 1443 praetere03
1141 1373 1340 1444 quibus
1365 1374 1513 1439 haec,
1543 1380 1673 1428 sunt
1696 1374 2108 1445 qualiacunque,

537 1458 770 1513 arridere
794 1459 972 1523 velim,
1002 1459 1291 1524 doliturus,
1318 1459 1368 1513 si
1392 1459 1640 1529 placeant
1663 1477 1757 1530 spe

436 1549 502 1595 90
540 1544 776 1598 deterius
799 1554 1005 1599 nostra.
1054 1545 1318 1609 Demetri,
1349 1551 1510 1615 teque
1532 1545 1745 1616 Tigelli,

538 1629 921 1700 discipularum
938 1630 1088 1684 ‘inter
1111 1630 1273 1684 iubeo
1297 1614 1508 1700 plorare
1534 1631 1833 1684 cathedras,

533 1714 561 1766 I
586 1722 721 1784 puer'
743 1722 907 1786 atque
929 1733 1050 1769 meo
1076 1716 1215 1777 citus
1239 1715 1371 1769 haec
1396 1716 1672 1785 subscribe
1695 1716 1901 1773 libello.

537 1910 598 1954 77
636 1904 1147 1973 Arbustula3Au1-icula.
1237 1909 1297 1955 78
1334 1915 1532 1971 crucier3
1559 1915 1741 1958 cruciat.
1832 1911 1896 1957 86
1933 1914 2091 1959 Bibuli.
2165 1912 2227 1959 87
2266 1930 2396 1960 com·—

394 1980 651 2039 pluresque.
725 1978 788 2025 88
823 1982 927 2026 sint.
1000 1979 1061 2025 91
1100 1981 1428 2040 discipulorum.
