2667 3809
347 270 448 323 182
1076 275 1492 318 Erlsrommn
1516 262 1564 329 Ι,
1593 266 1647 318 6.

490 419 549 474 Si
572 418 719 472 latus
743 423 841 471 aut
861 434 1019 471 renes
1044 416 1235 471 morbo
1257 422 1541 470 tentantur
1564 422 1744 481 amato,

487 519 684 574 quaere
707 502 895 571 fugam
918 501 1113 555 morbi.
1154 502 1236 556 vis
1259 508 1407 555 recte
1431 501 1643 556 vivere:
1684 502 1807 573 quis
1830 502 1980 555 non?

387 595 450 642 30
488 588 535 642 si
558 588 733 641 virtus
756 586 862 640 hoc
888 604 999 640 una
1021 594 1204 658 potest
1228 587 1374 652 dare,
1404 586 1562 640 fort-is
1586 585 1800 639 omissis

485 673 589 726 hoc
615 688 716 741 age
741 671 968 725 deliciis.
1007 672 1266 726 virtutem
1289 670 1454 725 verba
1477 676 1639 741 putas
1664 677 1720 724 et

484 757 670 811 lucum
694 756 877 827 ligna:
916 772 1046 810 cave
1069 773 1139 810 nc
1159 762 1354 827 portus
1379 762 1609 825 occupet
1630 755 1783 821 alter,

486 860 557 897 ne
582 841 907 913 Cibyratica,
934 858 1005 895 ne
1027 840 1269 911 Bithyna
1291 840 1517 910 negotia
1535 840 1761 910 perdam

486 926 635 981 mille
659 926 867 981 talenta
886 927 1271 990 rotundentur,
1299 924 1530 979 totidem
1555 925 1741 992 altera,
1770 944 1931 998 porro
1952 934 2012 982 et

391 1021 453 1067 35
491 1013 655 1068 tertia
677 1012 975 1067 succedant
996 1019 1053 1066 et
1076 1028 1215 1082 quae
1237 1028 1363 1082 pars
1386 1011 1620 1081 quadrat
1641 1030 1912 1068 acervum.

487 1100 695 1154 scilieet
713 1114 944 1152 uxorem
968 1114 1093 1151 cum
1117 1096 1246 1150 dote
1269 1096 1541 1168 fidemque
1562 1105 1623 1152 et
1644 1098 1846 1151 amicos

489 1192 546 1239 et
568 1200 743 1254 genus
765 1189 825 1237 et
845 1181 1073 1237 formam
1096 1182 1288 1252 regina
1309 1183 1544 1252 pecunia
1566 1183 1753 1248 donat,

486 1286 547 1324 ac
569 1270 711 1323 bene
732 1273 1074 1324 nummatum
1099 1267 1322 1322 decorat
1348 1267 1584 1324 Suadela
1606 1269 1920 1340 Venusque.

487 1354 772 1426 mancipiis
795 1352 1040 1424 locuples
1064 1360 1191 1423 eget
1213 1353 1352 1406 aeris
1374 1352 1760 1425 Cappadocum
1783 1372 1912 1409 rexz

386 1447 452 1492 ⁴0
488 1458 558 1494 ne
580 1440 749 1494 fueris
773 1439 863 1493 hic
886 1446 970 1492 tu.
1023 1438 1350 1508 Chlamydee
1373 1439 1659 1504 Lucullus,
1691 1447 1755 1493 ut
1777 1439 1949 1504 aiunt,

483 1526 531 1579 si
554 1530 741 1596 posset
764 1532 984 1578 eenmm
1005 1541 1200 1600 scenae
1222 1523 1482 1594 praebere
1504 1532 1747 1595 rogatus,

485 1610 625 1681 „qui
648 1627 870 1680 possum
893 1610 1016 1663 tot?
1033 1615 1072 1641 ‘⁴
1108 1608 1215 1674 ait3
1256 1616 1483 1673 „tamen
1508 1618 1565 1664 et
1588 1626 1842 1681 quaeram
1864 1616 1923 1663 et
1946 1617 2083 1681 quot
2103 1609 2319 1664 habebo

481 1696 763 1750 mittam.“
800 1702 928 1765 post
948 1693 1135 1764 paullo
1160 1695 1367 1759 scribit,
1397 1695 1503 1751 sibi
1524 1695 1676 1749 milia
1701 1697 1942 1767 quinque

485 1796 602 1832 esse
627 1779 774 1832 domi
799 1779 1175 1849 chlamydum3
1214 1786 1425 1851 partem
1449 1780 1538 1835 vel
1560 1780 1778 1834 tolleret
1801 1797 2007 1834 omnes.

385 1869 449 1915 45
488 1862 647 1916 exilis
671 1863 866 1917 domus
891 1869 992 1928 est,
1021 1863 1117 1917 ubi
1142 1882 1252 1918 non
1277 1873 1334 1919 et
1356 1865 1530 1919 multa
1553 1873 1844 1938 supersunt

485 1954 542 2001 et
565 1947 845 2000 dominum
869 1947 1071 2002 fallunt
1094 1956 1151 2003 et
1172 1958 1405 2021 prosunt
1427 1952 1659 2006 furibus.
1714 1952 1868 2021 Ergo

487 2033 534 2086 si
556 2049 643 2086 res
670 2030 785 2085 sola
807 2038 989 2101 potest
1010 2033 1187 2089 facere
1211 2043 1269 2090 et
1291 2053 1505 2091 servare
1527 2037 1769 2101 beatum,

483 2118 590 2170 hoc
614 2115 822 2187 primus
841 2123 1057 2188 repetas
1082 2136 1239 2190 opus,
1271 2121 1378 2175 hoc
1401 2129 1708 2194 poaremus
1732 2122 1972 2176 omittas.

483 2202 531 2255 ci
553 2201 895 2256 fortunatum
915 2205 1124 2274 species
1149 2212 1206 2261 et
1228 2207 1408 2276 gratia
1429 2213 1687 2278 praestat,

383 2291 447 2337 50
484 2301 786 2341 mercemur
809 2303 1025 2343 servum
1050 2290 1144 2360 qui
1169 2292 1341 2345 dictet
1362 2292 1602 2356 nemina,
1630 2292 1845 2345 laevum

481 2370 577 2441 qui
600 2369 806 2425 fodicet
826 2371 970 2427 latus
995 2381 1052 2428 et
1074 2383 1238 2446 cogat
1258 2383 1411 2430 trans
1441 2377 1683 2448 pondera
1706 2377 1953 2430 dextram

478 2455 775 2526 porrigere.
814 2457 949 2522 „hic
973 2460 1208 2514 multum
1232 2462 1291 2515 in
1316 2462 1490 2515 Fabia
1508 2462 1673 2527 valet,
1700 2461 1795 2515 ille
1819 2461 2042 2528 Velimn

480 2540 569 2594 cui
592 2540 731 2596 libet
751 2541 843 2596 hic
865 2543 1039 2599 fasces
1064 2545 1220 2599 dabit
1241 2547 1542 2617 eripietque
1568 2548 1755 2602 curule

482 2625 572 2679 cui
593 2624 744 2679 volet
765 2626 1112 2698 importunus
1136 2631 1338 2684 ebur.“
1360 2633 1570 2701 frater,
1588 2638 1751 2701 pater
1770 2633 1938 2699 adden

380 2714 442 2760 55
481 2714 544 2762 ut
566 2710 763 2780 cuique
788 2719 872 2766 est
893 2721 1060 2780 aetas,
1088 2715 1168 2769 ita
1190 2733 1461 2787 quemque
1485 2717 1692 2771 facetus
1716 2718 1936 2788 adopta.

480 2794 689 2850 sibene
713 2798 810 2866 qui
834 2807 1045 2865 coenat,
1072 2801 1213 2855 bene
1233 2801 1403 2855 vivitz
1443 2800 1604 2866 lucet,
1634 2818 1818 2855 eamus

479 2896 589 2950 quo
615 2880 771 2937 ducit
795 2882 943 2952 gula,
972 2885 1261 2955 pisccmur‚
1290 2902 1569 2950 venemur,
1598 2893 1664 2939 ut
1687 2885 1817 2940 olim

481 2962 778 3034 Gargilius,
805 2968 901 3037 qui
923 2985 1080 3025 mane
1104 2970 1312 3041 plagas,
1341 2970 1629 3037 venabula,
1657 2989 1841 3027 servos

482 3124 518 3167 1.
558 3121 623 3167 28
662 3133 914 3185 tentemur3
943 3135 1149 3174 tentatur.
1224 3129 1285 3175 31
1323 3139 1453 3192 putes
1479 3154 1546 3167 —-
1571 3140 1635 3178 ut.
1707 3130 1770 3177 35
1809 3132 2013 3193 quadret.
2096 3131 2158 3177 41
2196 3140 2357 3192 possut.

343 3188 408 3234 42
436 3192 569 3250 quod.
629 3190 694 3236 43
721 3194 915 3252 scripsit.
976 3194 1041 3239 48
1067 3199 1248 3255 primum
1273 3221 1344 3231 —
1368 3208 1606 3246 extremus.
1669 3200 1728 3245 51
1760 3200 1926 3259 fodiet3
1955 3201 2108 3247 fodiat.
2171 3198 2233 3244 53
2260 3202 2359 3246 cui-

340 3258 540 3304 libet—
565 3262 620 3305 is.
694 3259 756 3303 55
795 3261 982 3320 adeptu
1008 3264 1201 3323 adoptat.
1274 3267 1337 3310 57
1376 3267 1521 3316 ducet.

458 3327 517 3373 11.
558 3325 621 3372 29
659 3342 890 3387 quaerere.
965 3327 1030 3374 33
1063 3333 1299 3389 cybii-utica
1324 3349 1381 3380 ne
1404 3335 1587 3380 hichinc.
1661 3332 1724 3380 35
1752 3335 1953 3396 quadret.
2025 3335 2091 3381 40
2117 3336 2356 3394 clamydes.

340 3391 406 3439 43
444 3395 576 3455 paulo
599 3418 669 3428 —
692 3396 847 3441 millia.
918 3394 984 3440 44
1023 3399 1283 3457 clamydum.
1357 3402 1417 3447 51
1459 3404 1611 3449 fodiet.
1686 3402 1749 3449 53
1787 3404 1986 3450 cuilibet.
2060 3405 2121 3450 57
2158 3405 2306 3451 ducet.
