2667 3809
366 247 461 299 192
1040 255 1452 297 Errsrommm
1476 243 1524 308 1,
1555 244 1604 296 8.
1635 246 1686 297 9.

1261 398 1458 461 VIII.

934 551 1040 602 (Ad
1069 548 1300 595 celsum
1329 548 1806 602 Albinovanum.)

507 673 665 728 Celso
690 671 926 743 gaudere
953 680 1009 726 et
1030 671 1169 727 bene
1193 689 1306 726 rem
1332 661 1520 743 gerere
1543 672 1893 726 Albinovano

505 758 669 811 Musa
691 766 885 828 rogata
906 757 1063 823 refer,
1097 757 1283 811 comiti
1309 758 1622 827 scribaeque
1646 756 1901 811 Neronis.

504 844 548 897 si
576 848 799 914 quaeret
822 843 956 913 quid
978 860 1154 914 agam,
1194 843 1282 896 dic
1306 842 1484 896 multa
1507 849 1563 896 et
1585 840 1813 913 pulchra
1837 841 2134 897 minantem

502 929 684 982 vivere
708 945 809 981 nec
831 935 979 981 recte
1002 945 1103 982 nec
1128 929 1397 994 suaviter3
1436 928 1585 981 haud
1610 927 1738 997 quia
1765 927 1974 997 grando

438 1022 466 1065 5
506 1012 817 1067 contuderit
838 1013 978 1067 vites
1003 1014 1285 1085 oleamque
1310 1012 1663 1067 momorderit
1684 1020 1885 1076 aestus,

502 1116 604 1154 nec
628 1096 757 1169 quia
779 1097 1096 1170 longinquis
1120 1105 1424 1153 armentum
1451 1104 1698 1170 aegrotet
1720 1097 1779 1150 in
1803 1098 1980 1168 agris3

504 1185 601 1240 sed
625 1184 752 1255 quia
773 1191 955 1238 mente
977 1184 1159 1237 minus
1183 1184 1398 1238 validus
1423 1202 1588 1256 quam
1611 1200 1835 1255 corpore
1859 1190 1978 1237 toto

504 1271 584 1324 nil
608 1270 798 1323 audire
822 1268 1003 1335 velim,
1032 1268 1111 1323 nil
1137 1270 1344 1324 discere
1370 1269 1518 1339 quod
1540 1269 1687 1324 levet
1711 1286 1952 1340 aegrum,

505 1356 628 1411 fidis
652 1355 894 1410 offendar
917 1354 1158 1419 mediciS,
1193 1355 1394 1408 irascar
1418 1355 1623 1419 amicis,

407 1448 468 1494 10
506 1459 603 1495 cur
625 1457 712 1494 me
735 1441 954 1494 funesto
979 1448 1271 1510 properent
1298 1457 1481 1493 arcere
1505 1448 1747 1505 veterno,

503 1544 642 1598 quae
666 1542 900 1580 nocuere
925 1543 1136 1596 sequar,
1166 1526 1374 1597 fugiam
1401 1542 1540 1596 quae
1564 1526 1779 1595 profore
1803 1525 2036 1589 credam,

501 1613 711 1666 Romae
734 1612 906 1665 Tibur
928 1628 1101 1664 amem
1125 1619 1404 1676 ventosne,
1436 1609 1638 1664 Tibure
1662 1611 1913 1664 Romam.

503 1704 628 1767 post
653 1697 787 1750 haec
811 1703 875 1749 ut
897 1696 1092 1760 valeat,
1130 1713 1239 1767 quo
1262 1703 1424 1766 pacto
1446 1714 1560 1750 rem
1586 1704 1742 1767 gerat
1763 1704 1819 1750 et
1841 1713 1917 1760 se,

505 1788 569 1837 ut
593 1781 804 1852 placeat
832 1780 1018 1834 iuveni
1042 1789 1362 1850 percontare
1386 1787 1557 1852 utque
1582 1781 1813 1835 cohorti.

406 1876 467 1919 15
507 1867 553 1920 si
578 1868 725 1921 dicet
749 1870 1003 1931 „recte“‚
1037 1866 1272 1936 primum
1295 1868 1554 1938 gaudere,
1584 1867 1816 1922 subinde

504 1958 852 2024 praeceptum
876 1950 1133 2005 auriculis
1158 1953 1261 2006 hoc
1286 1953 1553 2007 instillare
1576 1960 1881 2007 memento:

506 2047 570 2092 ut
591 2044 654 2091 tu
678 2038 968 2104 fortunam,
999 2038 1075 2091 sic
1098 2055 1199 2092 nos
1223 2045 1296 2104 te,
1328 2039 1501 2104 Celse,
1531 2039 1786 2093 feremus.

1303 2330 1433 2392 IX.

967 2482 1073 2534 (Ad
1100 2480 1411 2527 claudium
1442 2480 1770 2534 Neronem.)

503 2601 816 2672 Septimius,
848 2603 1060 2669 Claudi,
1090 2603 1347 2657 nimirum
1372 2602 1634 2673 intelligit
1657 2619 1819 2666 unus,

502 2689 695 2758 quanti
717 2706 804 2743 me
828 2688 1025 2754 facias3
1064 2705 1194 2742 nam
1216 2705 1340 2741 cum
1364 2695 1524 2757 rogat
1548 2694 1604 2742 et
1626 2704 1784 2758 prece
1810 2686 1976 2756 cogit,

504 2773 710 2827 scilicet
734 2779 798 2826 ut
821 2773 923 2828 tibi
948 2790 1005 2828 se
1030 2772 1253 2830 laudare
1278 2783 1333 2828 et
1359 2773 1570 2829 tradere
1596 2789 1776 2837 coner,

505 2916 542 2960 l.
582 2914 609 2959 3
648 2919 845 2976 quaerit;
873 2925 1071 2975 quaerat.
1148 2917 1174 2961 5
1203 2918 1412 2964 oleamve.
1488 2915 1516 2961 6
1542 2919 1677 2964 arvis.
1753 2916 1815 2962 10
1840 2926 2162 2978 properant,—
2192 2931 2373 2976 urgere.

369 2981 429 3028 12
469 2992 699 3030 venturus.
775 2982 835 3028 14
875 2993 1021 3044 atque.
1046 3008 1117 3019 —
1153 2987 1229 3031 ΙΧ.
1269 2985 1298 3030 2
1337 3001 1433 3032 nam
1458 3001 1525 3032 me
1550 2993 1696 3045 rogat.

481 3054 537 3097 11.
574 3052 654 3098 Ad
691 3052 925 3098 Celsum
961 3053 1398 3102 Albinovanum
1434 3057 1616 3116 epist.
1646 3053 1692 3101 8.
1726 3078 1794 3088 -
1834 3053 1862 3100 3
1901 3064 2097 3115 quaerat.
2171 3053 2201 3100 6
2237 3057 2373 3101 arvis.

368 3118 428 3164 12
457 3121 696 3179 Tybur—
723 3121 919 3179 Tybure.
997 3120 1057 3165 14
1083 3132 1387 3182 percunctare.
1413 3147 1479 3157 —
1515 3125 1593 3170 lx.
1629 3124 1708 3169 Ad
1743 3124 2047 3171 Claudium
2084 3125 2373 3170 Neronem

364 3188 631 3247 epistola
669 3187 715 3234 9.
741 3212 809 3221 —
846 3186 875 3232 2
914 3203 1011 3234 nam
1037 3205 1103 3236 me
1129 3201 1270 3250 rogat.

458 3257 536 3301 111.
574 3257 650 3301 Ad
678 3257 906 3303 Celsum
931 3258 1364 3306 Albinovanum
1401 3260 1676 3306 Comitem
1709 3263 2084 3308 Neronis.—-
2121 3260 2149 3305 5
2187 3268 2376 3307 mutun-

364 3324 494 3435 (lerit.
528 3324 835 3451 nggivalildus.
912 3324 972 3369 10
1011 3337 1263 3386 properam.
1301 3352 1370 3360 —
1407 3329 1481 3374 IX.
1519 3330 1596 3374 Ad
1633 3329 1944 3376 Claudium
1982 3330 2279 3376 Neronem.
2308 3349 2371 3362 —

435 3394 523 3437 inte
635 3401 668 3439 t.
