2667 3809
407 251 475 303 24
1160 264 1499 316 SATIRARUM
1523 252 1569 317 Ι,
1605 256 1653 306 1.

446 410 505 455 15
543 421 651 475 quo
675 421 788 458 rem
814 404 1097 459 deducam.
1151 405 1211 460 Si
1234 406 1357 477 quis
1382 406 1516 459 deus
1542 424 1656 471 „en
1678 411 1824 477 ego“
1852 406 2013 472 dicat,

547 489 697 554 „iam
720 490 911 546 faciam
936 491 1086 562 quod
1107 491 1305 547 vultisz
1346 492 1450 546 eris
1474 500 1555 558 tu,
1586 493 1681 563 qui
1704 493 1866 546 modo
1890 492 2061 558 miles,

537 581 830 641 mercator;
868 581 949 641 tu,
979 578 1260 632 consultus
1284 578 1466 644 modo,
1493 578 1759 644 rusticus;
1795 579 1924 633 hinc
1948 597 2061 644 vos,

538 679 634 718 vos
658 665 786 719 hinc
809 662 1033 718 mutatis
1059 662 1320 717 discedite
1343 663 1607 733 partibus.
1647 664 1759 717 eia!
2016 655 2019 660 ’

538 749 671 821 quid
695 751 889 805 statis?
907 755 945 782 “
971 780 1041 791 —
1071 749 1276 813 nolint3
1315 748 1469 819 atqui
1491 747 1620 801 licet
1644 766 1760 802 esse
1783 749 1975 803 beatis.

437 840 501 886 20
539 835 689 894 Quid
714 853 906 890 causae
931 841 1042 900 est,
1070 835 1263 888 merito
1288 834 1422 905 quin
1445 834 1554 887 inis
1577 834 1826 906 Iuppiter
1848 837 2031 891 ambas

538 922 708 976 iratus
731 922 928 976 buccas
953 920 1133 985 inflet,
1162 938 1340 991 neque
1364 937 1421 973 se
1446 920 1560 974 fore
1583 922 1808 991 posthac

535 1016 647 1061 tam
671 1008 883 1063 facilem
908 1007 1081 1073 dicat,
1109 1006 1251 1061 votis
1277 1012 1341 1060 ut
1363 1006 1618 1077 praebeat
1639 1009 1861 1061 aurem?

535 1093 838 1160 Praeterea,
868 1112 937 1149 ne
961 1094 1039 1150 sic
1063 1099 1127 1147 ut
1151 1091 1245 1163 qui
1269 1091 1529 1146 iocularia
1550 1091 1734 1145 ridens

533 1196 838 1250 percurram
864 1211 933 1221 —-
957 1196 1281 1251 quamquam
1303 1178 1572 1232 ridentem
1597 1178 1775 1232 dicere
1799 1196 1985 1232 verum

434 1269 498 1317 25
537 1265 670 1336 quid
694 1267 881 1321 vetat?
914 1271 978 1319 ut
1006 1264 1187 1335 pueris
1213 1265 1348 1318 dant
1371 1262 1503 1317 olim
1527 1264 1768 1338 crustula
1791 1264 1977 1318 blandi

537 1352 804 1417 doctores,
835 1351 1102 1405 elementa
1123 1349 1295 1405 velint
1316 1355 1382 1403 ut
1403 1350 1607 1404 discere
1633 1350 1806 1421 prima
1832 1383 1893 1391 —

534 1437 631 1491 sed
653 1443 836 1491 tamen
860 1443 1042 1490 amoto
1068 1454 1388 1508 quaeramus
1412 1437 1549 1490 seria
1573 1437 1725 1494 ludo·

532 1522 636 1577 Ille
661 1540 878 1593 gravem
903 1524 1041 1577 duro
1065 1530 1264 1576 terram
1289 1521 1385 1593 qui
1408 1522 1572 1576 vertit
1595 1521 1789 1588 aratro,

531 1608 767 1679 perfidus
791 1609 882 1661 hic
908 1625 1098 1679 caup0,
1125 1608 1298 1672 mileS,
1329 1614 1633 1679 nautaeque
1659 1626 1753 1680 per
1778 1626 1936 1662 omne

432 1697 496 1744 30
533 1692 764 1747 audaces
786 1711 933 1747 mare
959 1693 1054 1764 qui
1078 1698 1331 1759 currunt,
1360 1692 1462 1746 hac
1488 1699 1668 1750 mente
1692 1693 1929 1747 laborem

532 1795 648 1832 sese
671 1778 828 1844 ferre,
864 1797 1020 1833 senes
1045 1785 1109 1832 ut
1132 1778 1191 1831 in
1216 1778 1328 1832 otia
1350 1784 1471 1831 tuta
1493 1780 1763 1845 recedant,

531 1863 686 1918 aiunt
700 1904 713 1929 ,
743 1882 867 1918 cum
891 1864 996 1919 sibi
1019 1864 1131 1918 sint
1153 1872 1413 1935 congesta
1436 1863 1652 1931 cibaria,
1683 1867 1825 1919 sicut

528 1949 754 2019 parvula
775 1980 845 1991 —-
867 1968 992 2003 nam
1017 1950 1264 2020 exemplo
1290 1956 1374 2004 est
1397 1981 1463 1991 -
1486 1951 1673 2021 magni
1696 1951 1920 2005 formica
1944 1951 2143 2006 laboris

533 2052 625 2088 ore
648 2036 818 2089 trahit
840 2034 1203 2106 quodcunque
1228 2042 1411 2107 potest
1434 2042 1598 2107 atque
1622 2038 1777 2091 addit
1803 2051 1991 2091 acervo

429 2126 490 2171 35
530 2137 689 2190 quem
715 2122 903 2187 struit,
933 2121 1084 2174 haud
1105 2122 1293 2192 ignara
1317 2140 1379 2175 ac
1403 2141 1514 2176 non
1540 2124 1758 2177 incauta
1780 2123 1970 2177 futuri.

528 2223 684 2277 quae,
713 2206 876 2261 simul
899 2206 1173 2261 inversum
1200 2209 1486 2263 contristat
1508 2209 1761 2279 aquarius
1785 2226 2005 2274 annum,

526 2310 635 2345 non
661 2310 890 2364 usquam
913 2293 1155 2365 prorepit
1178 2301 1234 2348 et
1256 2294 1365 2349 illis
1390 2296 1566 2350 utitur
1588 2301 1712 2347 ante

527 2378 785 2448 quaesitis
810 2378 1041 2449 sapiens,
1071 2396 1194 2436 cum
1220 2386 1275 2433 te
1298 2398 1476 2451 neque
1499 2380 1741 2434 fervidus
1765 2386 1946 2434 aestus

527 2464 810 2519 demoveat
831 2464 1000 2531 lucro,
1029 2483 1207 2536 neque
1229 2466 1421 2531 hiems,
1452 2461 1613 2537 ignis,
1641 2482 1805 2530 mare,
1833 2465 2054 2531 ferrum,

424 2556 488 2602 40
525 2549 602 2603 nil
627 2550 808 2604 obstet
829 2550 960 2616 tibi,
990 2551 1119 2604 dum
1146 2569 1214 2605 ne
1239 2552 1312 2607 sit
1333 2559 1391 2606 te
1416 2552 1580 2606 ditior
1604 2551 1758 2605 alter.

525 2635 658 2708 quid
682 2637 833 2690 iuvat
855 2637 1177 2691 immensum
1201 2644 1255 2691 te
1279 2638 1491 2708 argenti
1514 2638 1729 2709 pondus
1754 2644 1810 2691 et
1832 2637 1949 2691 auri

523 2721 712 2775 furtim
737 2721 949 2776 defossa
969 2723 1223 2777 timidum
1250 2723 1519 2794 deponere
1543 2724 1725 2777 terra?

523 2807 734 2873 »Quod
758 2809 804 2862 si
829 2810 1181 2874 comminuas,
1211 2807 1372 2864 vilem
1396 2808 1675 2879 redigatur
1700 2809 1769 2863 ad
1793 2815 2032 2864 assem.“

521 2892 600 2946 At
624 2893 681 2945 ni
705 2893 762 2948 id
786 2893 873 2960 fit,
905 2895 1037 2965 quid
1062 2895 1228 2949 habet
1250 2895 1464 2966 pulchri
1489 2902 1830 2949 constructus
1855 2892 2115 2950 acervus?

422 2984 485 3028 45
523 2978 673 3031 milia
701 2979 960 3035 frumenti
985 2988 1081 3035 tua
1103 2980 1313 3035 triverit
1337 2999 1461 3034 area
1483 2987 1718 3047 centum,
2157 2974 2168 2981 ⁶

521 3080 632 3116 non
657 3071 784 3118 tuus
809 3065 913 3119 hoc
936 3066 1115 3137 capiet
1136 3074 1324 3121 venter
1350 3067 1473 3138 plus
1498 3084 1559 3120 ac
1584 3084 1768 3132 meus;
1810 3073 1873 3122 ut
1896 3066 1942 3121 si

518 3149 807 3204 reticulum
832 3151 986 3221 panis
1011 3152 1227 3205 venales
1252 3152 1395 3228 inter
1419 3161 1617 3206 onusto

525 3345 585 3390 19
624 3347 802 3403 nolun13
830 3346 992 3390 nolent.
1087 3344 1150 3390 23
1189 3348 1439 3394 Praetereo.
1476 3364 1573 3396 nec.
1670 3347 1733 3393 25
1776 3351 1890 3409 quis.
1987 3348 2051 3394 29
2089 3350 2283 3410 perfidus
2310 3350 2386 3397 hic

382 3431 533 3475 campo
559 3416 711 3489 miles;
753 3414 1030 3474 (praefidus.)
1106 3413 1169 3459 39
1207 3417 1434 3463 dimovent.
1507 3417 1572 3463 46
1609 3418 1711 3478 plus
1736 3433 1878 3478 quam.
