2667 3809
955 291 1121 352 (ξμιιτο
1146 291 1247 341 stret
1270 293 1337 341 bie
1362 292 1639 355 &iebcugabt
2198 292 2297 342 369

301 450 383 495 beu
406 445 570 504 &dilue
596 445 721 505 biet'et
744 446 1040 506 &bipontinus
1062 447 1204 496 bilem
1229 453 1352 509 mag.
1397 449 1450 497 ba
1486 447 1540 507 fle
1573 447 1701 507 theiis
1726 447 1915 505 maudut
1940 444 2122 503 &tubae
2144 447 2301 505 recavis

304 516 445 570 tutitt,
488 515 615 574 tbeilss
642 515 800 577 tinigtfl
825 497 944 565 fflffie
969 515 1224 578 biuguft‘tgt:
1265 522 1325 565 M.
1352 521 1494 565 Varro
1518 522 1563 565 in
1588 522 1726 579 primo
1749 520 1975 575 librorum,
2002 521 2075 578 qui
2099 520 2304 564 inscribi-

306 597 379 634 tur
402 590 704 634 Hebdomades
727 590 801 634 vel
821 590 876 634 de
898 589 1187 647 Imaginibus,
1214 591 1452 649 septenarii
1477 592 1661 644 numeri,
1687 603 1813 648 quem
1838 588 1992 634 Graeci
2017 577 2301 650 ἑβδομάδα

306 657 544 716 appellant,
576 659 760 703 virtutes
794 666 1116 716 potestatesque
1150 659 1306 704 multas
1342 661 1573 717 variasque
1609 658 1728 703 dicit.
1780 659 1823 703 ls
1858 672 2041 716 namque
2075 671 2298 712 numerus,

304 729 462 785 iuquit,
499 729 831 785 septemtriones
865 729 1049 772 maiores
1084 729 1362 786 minoresque
1402 729 1446 772 in
1483 727 1607 772 coelo
1631 728 1752 783 facit,
1788 728 1888 772 item
1922 727 2154 785 vergilias,
2192 741 2301 786 quas

301 785 564 843 πελειάδας
591 798 744 840 Graeci
768 804 956 852 vocant3
994 796 1099 841 facit
1134 799 1259 841 etiam
1299 797 1467 852 stellas,
1506 810 1615 856 quas
1651 796 1726 841 alii
1760 798 1986 852 erraticas,
2022 796 2073 841 P.
2100 796 2301 854 Nigidius

302 878 488 910 errones
511 865 717 923 appellat.
769 865 968 910 Circulos
992 879 1164 924 quoque
1189 868 1250 910 ait
1272 868 1317 910 in
1342 866 1464 911 coelo
1489 867 1653 910 circum
1676 866 1989 923 longitudinem
2014 867 2111 910 axis
2135 872 2297 923 septem

305 947 430 990 esse3
457 949 482 978 e
507 932 607 993 quis
632 934 741 978 duos
765 936 978 988 minimos,
1003 936 1076 993 qui
1101 949 1223 979 axem
1249 937 1451 980 extimum
1478 943 1679 992 tangunt,
1703 924 1904 981 πόλους
1928 934 2138 992 appellari
2163 935 2297 991 dicit3

304 1003 381 1047 sed
408 1017 483 1047 eos
506 1005 550 1047 in
577 1003 780 1062 sphaera,
818 1017 928 1061 quae
952 990 1180 1062 κρικυῖτη
1207 1013 1403 1060 vocatur,
1437 1011 1622 1063 propter
1642 1004 1891 1048 brevitatem
1917 1016 2005 1046 non
2028 1004 2189 1048 inesse.
2237 1004 2300 1047 Ac

302 1086 447 1130 neque
484 1074 579 1131 ipse
602 1073 819 1118 zodiacus
855 1073 1102 1131 septenario
1127 1087 1305 1118 numero
1329 1080 1467 1118 caret.
1521 1075 1626 1118 Nam
1653 1073 1697 1116 in
1722 1073 1903 1130 septimo
1927 1072 2055 1128 siguo
2081 1071 2129 1116 fit
2153 1072 2302 1117 solsti-

302 1143 407 1186 tium
433 1157 456 1185 a
482 1142 650 1198 bruma,
686 1143 730 1185 in
767 1144 948 1200 septimo
972 1141 1121 1186 bruma
1146 1156 1172 1185 a
1196 1143 1412 1199 solstitio;
1449 1143 1492 1185 in
1519 1140 1702 1199 septimo
1726 1142 2044 1199 aequinoctium
2070 1140 2124 1184 ab
2149 1143 2301 1200 aequi-

301 1212 464 1256 noctio.
513 1211 616 1256 Dies
640 1211 795 1255 deinde
817 1211 936 1265 illos,
977 1210 1135 1268 quibus
1162 1210 1399 1268 halcyones
1423 1211 1563 1255 hieme
1587 1211 1689 1254 anni
1715 1211 1759 1253 in
1784 1224 1896 1268 aqua
1920 1208 2191 1267 nidulantur,
2223 1224 2300 1255 eos

301 1294 477 1339 quoque
512 1287 674 1338 septem
714 1293 812 1324 esse
849 1280 967 1324 dicit.
1019 1281 1250 1323 Praeterea
1284 1279 1455 1333 scribit,
1490 1280 1621 1325 lunae
1645 1278 1908 1324 curriculum
1935 1278 2091 1323 confici
2117 1280 2301 1337 integris

299 1357 459 1408 quater
483 1351 674 1407 septenis
698 1349 879 1404 diebus3
916 1362 1011 1392 nam
1037 1349 1399 1393 duodetricesimo
1436 1348 1556 1403 luna,
1581 1349 1738 1406 inquit,
1775 1361 1831 1392 ex
1866 1362 1952 1406 quo
1985 1349 2169 1405 vestigio
2193 1362 2299 1406 pro-

299 1419 416 1463 fecta
442 1426 524 1474 est,
549 1419 696 1463 eodem
723 1419 852 1474 redit,
892 1425 1200 1476 auctoremque
1223 1419 1442 1477 opinionis
1467 1417 1596 1462 buius
1620 1417 1850 1462 Aristidem
1875 1430 1974 1462 esse
2001 1417 2204 1462 Samium.
2230 1438 2299 1448 —-

299 1488 367 1532 Ad
407 1487 603 1532 homines
628 1501 802 1546 quoque
826 1485 1070 1531 nascendos
1093 1489 1176 1532 vim
1201 1487 1370 1532 numeri
1397 1488 1521 1532 istius
1546 1486 1711 1544 porrigi
1737 1487 2043 1544 pertinereque
2066 1487 2142 1530 ait.
2191 1488 2296 1532 Nam

300 1571 397 1602 cum
423 1559 468 1600 in
493 1565 678 1612 uterum,
719 1559 875 1616 iuquit,
901 1556 1094 1601 mulieris
1120 1555 1309 1613 genitale
1334 1569 1481 1600 semen
1507 1557 1650 1599 datum
1676 1563 1759 1609 est,
1784 1555 1936 1614 primis
1960 1563 2122 1613 septem
2149 1555 2299 1601 diebus

299 1626 591 1684 conglobatur
614 1626 976 1684 coagulaturque,
1016 1624 1149 1683 fitque
1186 1625 1239 1668 ad
1265 1626 1513 1683 capiendam
1539 1624 1721 1682 liguram
1749 1625 1963 1668 idoneum.
2015 1625 2120 1669 Post
2142 1624 2299 1669 deiude

301 1703 456 1753 quarta
480 1695 760 1750 hebdomade,
798 1696 914 1753 quod
939 1696 1033 1740 eius
1056 1694 1184 1739 virile
1209 1707 1337 1739 secus
1361 1694 1553 1739 futurum
1579 1700 1661 1748 est,
1688 1700 1819 1752 caput
1842 1700 1884 1737 et
1909 1695 2048 1750 spina,
2086 1706 2197 1750 quae
2233 1701 2301 1738 est

301 1765 346 1808 in
372 1765 521 1819 dorso,
549 1765 824 1809 informatur.
876 1765 1066 1822 Septima
1089 1770 1227 1807 autem
1254 1763 1350 1808 sere
1375 1762 1658 1818 hebdomade,
1695 1763 1739 1806 id
1772 1768 1854 1816 est,
1895 1775 2008 1805 nono
2044 1769 2087 1806 et
2111 1762 2300 1820 quadra-

298 1835 466 1891 gesimo
500 1834 584 1889 die,
623 1841 757 1890 totus,
797 1835 951 1892 iuquit,
989 1833 1117 1878 homo
1153 1834 1196 1877 in
1222 1841 1351 1877 utero
1376 1832 1630 1877 absolvitur.
1679 1831 1801 1876 lllam
1827 1844 1999 1890 quoque
2024 1833 2108 1876 vim
2134 1833 2298 1876 numeri

300 1902 433 1947 huius
459 1903 728 1948 observatam
753 1904 906 1958 refert,
945 1903 1059 1962 quod
1093 1911 1193 1947 aute
1233 1916 1420 1947 mensem
1447 1903 1671 1961 septimum
1696 1915 1838 1960 neque
1862 1913 1953 1945 mas
1976 1914 2118 1960 neque
2144 1901 2299 1945 femina

299 1971 538 2017 salubriter
562 1986 613 2017 ac
637 1974 871 2021 secundum
899 1981 1094 2017 naturam
1121 1973 1240 2016 nasci
1267 1979 1438 2030 potest3
1466 1979 1509 2016 et
1533 1971 1647 2030 quod
1673 1971 1719 2026 ii,
1745 1972 1820 2029 qui
1845 1971 2080 2016 iustissime
2104 1971 2150 2015 in
2174 1979 2300 2015 utero

300 2049 420 2093 sunt,
445 2048 544 2097 post
568 2042 780 2086 ducentos
804 2044 1079 2100 septuaginta
1105 2049 1196 2086 tres
1221 2042 1330 2094 dies,
1357 2048 1584 2100 postquam
1609 2047 1712 2085 suut
1734 2040 1946 2098 concepti,
1969 2040 2299 2098 quadragesima

301 2109 492 2162 denique
513 2107 776 2153 hebdomade
800 2112 861 2153 ita
885 2118 1142 2154 nascuntur.
1192 2111 1396 2154 Pericula
1421 2123 1594 2169 quoque
1615 2110 1730 2153 vitae
1765 2109 2125 2167 fortunarumque
2161 2108 2300 2153 homi-

304 2185 425 2224 num,
466 2185 575 2229 quae
609 2175 881 2218 climacteras
906 2177 1109 2220 Chaldaei
1145 2179 1396 2235 appellant,
1435 2179 1717 2235 gravissimos
1753 2190 1950 2235 quosque
1982 2176 2076 2221 lieri
2114 2177 2301 2222 affirmat

303 2242 591 2298 septenarios.
642 2243 823 2285 Praeter
847 2241 953 2285 baec
978 2244 1144 2286 modum
1171 2257 1270 2288 esse
1294 2245 1400 2288 dicit
1423 2259 1629 2289 summum
1669 2245 1945 2289 adolescendi
1984 2245 2160 2289 humani
2198 2260 2298 2290 cor-

303 2310 425 2367 poris
449 2316 611 2368 septem
638 2310 786 2368 pedes.
804 2331 868 2340 —-
883 2332 947 2341 —
975 2312 1136 2355 Dentes
1160 2325 1330 2369 quoque
1356 2320 1398 2355 et
1421 2314 1464 2356 in
1491 2321 1653 2371 septem
1679 2312 1901 2358 mensibus
1921 2314 2070 2370 primis
2090 2320 2134 2357 et
2151 2322 2297 2371 septe-

303 2391 386 2422 nos
420 2392 478 2422 ex
513 2387 698 2437 utraque
732 2386 857 2436 parte
893 2380 1014 2436 gigni
1051 2381 1125 2434 ait,
1166 2387 1209 2423 et
1233 2379 1390 2423 cadere
1413 2382 1538 2424 annis
1563 2382 1774 2438 septimis,
1815 2389 1856 2423 et
1880 2382 2094 2437 genuinos
2119 2384 2297 2427 auuasci

300 2448 429 2491 anuis
453 2449 547 2493 fere
570 2448 638 2493 bis
661 2449 869 2505 septenis.
917 2449 1063 2493 Venas
1084 2450 1210 2493 etiam
1234 2449 1280 2492 in
1303 2448 1563 2504 homiuibus,
1595 2448 1664 2493 vel
1698 2450 1843 2507 potius
1868 2450 2071 2504 arterias,
2108 2451 2297 2495 medicos

302 2518 493 2561 musicos
518 2519 665 2562 dicere
689 2519 749 2560 ait
773 2530 953 2562 numero
978 2519 1140 2562 moveri
1164 2520 1429 2575 septenario,
1456 2518 1572 2576 quod
1595 2519 1679 2576 ipsi
1703 2517 1922 2576 appellant
1943 2510 2043 2576 τὴν
2069 2506 2159 2562 διὰ
2183 2530 2300 2564 τεσ-

298 2573 480 2644 σάρων
504 2582 831 2648 συμφωνίαν,
856 2601 968 2645 quae
993 2586 1040 2631 lit
1065 2588 1108 2630 iu
1131 2587 1364 2632 collatione
1387 2588 1652 2646 quaternarii
1678 2587 1861 2630 numeri.
1889 2586 2149 2631 Discrimina
2173 2590 2297 2632 etiam

299 2654 592 2713 periculorum
635 2658 678 2700 in
718 2656 878 2700 morbis
917 2657 1076 2700 maiore
1111 2657 1153 2699 vi
1191 2655 1285 2700 lieri
1325 2664 1449 2715 putat
1488 2657 1533 2700 iu
1573 2655 1754 2711 diebus,
1798 2656 1873 2715 qui
1914 2653 2205 2701 coniiciuntur
2242 2671 2298 2701 ex

298 2738 479 2769 numero
504 2727 755 2784 septenarii,
793 2739 954 2783 eosque
978 2725 1072 2770 dies
1096 2726 1280 2771 omnium
1307 2726 1505 2781 maxime,
1544 2726 1601 2770 ita
1625 2732 1674 2770 ut
1697 2724 1850 2768 medici
1874 2724 2112 2782 appellant,
2136 2737 2298 2784 κριτι-

291 2786 419 2841 κοὶ-ς
441 2783 480 2850 ἢ
501 2789 775 2855 κρισίμους
812 2796 966 2852 cuique
990 2795 1144 2850 videri,
1182 2795 1359 2853 primam
1386 2793 1692 2839 hebdomadam
1718 2800 1762 2838 et
1785 2793 2015 2837 secundam
2042 2801 2088 2838 et
2112 2796 2295 2839 tertiam.

295 2862 450 2921 Neque
485 2877 572 2908 non
607 2864 649 2908 id
685 2866 811 2908 etiam
852 2865 982 2909 sumit
1021 2863 1075 2907 ad
1108 2864 1190 2908 vim
1233 2863 1548 2921 facultatesque
1572 2863 1668 2908 eius
1692 2863 1861 2908 numeri
1885 2862 2123 2920 augendas,
2157 2864 2293 2922 quod,

293 2931 455 2990 quibus
493 2932 634 2977 inedia
671 2934 778 2977 mori
817 2932 1045 2978 consilium
1081 2939 1163 2988 est,
1202 2934 1384 2990 septimo
1419 2933 1586 2977 demum
1608 2933 1679 2977 die
1701 2939 1882 2977 mortem
1907 2940 2133 2990 oppetunt.
2177 2934 2296 2978 llaec

292 3001 437 3046 Varro
461 3002 516 3046 de
541 3015 721 3046 numero
744 3003 991 3061 septenario
1016 3002 1194 3060 scripsit
1217 3002 1442 3047 admodum
1467 3003 1728 3061 conquisite,
1768 3001 1844 3045 sed
1882 3000 1963 3045 alia
2000 3016 2172 3062 quoque
2209 3001 2294 3046 ibi-

293 3069 391 3115 dem
418 3072 617 3127 congerit.
639 3071 958 3128 frigidiuscula‚
984 3071 1119 3115 veluti
1144 3078 1306 3130 septem
1331 3085 1464 3130 opera
1488 3084 1586 3116 esse
1610 3072 1655 3115 in
1679 3070 1786 3115 orbe
1810 3070 2022 3127 miranda,
2055 3079 2098 3116 et
2122 3073 2297 3131 sapien-

295 3147 363 3184 tes
388 3141 488 3184 item
512 3147 681 3185 veteres
705 3147 865 3199 septem
893 3141 1045 3194 ruisse,
1082 3146 1126 3184 et
1162 3139 1385 3185 curricula
1417 3140 1618 3185 ludorum
1645 3140 1913 3185 Circensium
1939 3140 2164 3185 sollemnia
2192 3153 2293 3199 sep-

294 3215 380 3253 tem
417 3222 535 3264 esse,
575 3209 628 3253 ad
665 3210 980 3268 oppugnandas
1004 3207 1177 3253 Thebas
1214 3209 1349 3254 duces
1383 3217 1546 3267 septem
1586 3208 1795 3254 delectos.
1855 3209 1964 3254 Tum
1990 3209 2049 3253 ibi
2075 3210 2208 3264 addit,
2247 3223 2296 3254 se

292 3292 469 3337 quoque
492 3278 573 3322 iam
597 3278 891 3323 duodecimam
914 3291 1124 3322 annorum
1151 3276 1458 3322 hebdomadam
1482 3280 1731 3337 ingressum
1757 3291 1872 3333 esse,
1909 3285 1953 3323 et
1986 3278 2039 3323 ad
2064 3293 2161 3324 eum
2187 3279 2295 3323 diem

292 3348 571 3406 septuaginta
594 3346 882 3392 hebdomadas
905 3347 1117 3392 librorum
1155 3349 1491 3405 conscripsisse,
1527 3362 1583 3394 ex
1619 3348 1777 3407 quibus
1801 3347 2165 3406 aliquammultos,
2181 3361 2295 3393 -cum

293 3419 570 3474 proscriptus
595 3424 728 3473 esset,
752 3417 933 3476 direptis
957 3416 1231 3461 bibliothecis
1254 3418 1366 3474 suis,
1390 3431 1477 3462 non
1502 3420 1812 3476 comparuisse.

381 3536 503 3581 botai.
520 3537 566 3571 ll.
1803 3533 1866 3581 24
