2667 3809
370 280 436 332 38
1130 290 1471 332 sannanim
1496 278 1542 344 1,
1570 281 1623 331 3.

510 429 832 483 Iracundior
857 435 940 482 est
963 429 1166 499 pau110‚
1196 431 1379 484 minus
1405 438 1563 501 aptus
1589 431 1763 484 acutis

410 520 473 566 30
511 513 733 567 naribus
758 514 954 566 horum
979 514 1289 579 hominum3
1330 516 1496 569 rideri
1520 516 1693 585 possit
1717 532 1781 568 eo
1808 517 1956 585 quod

510 599 767 653 rusticius
790 604 951 651 tonso
975 606 1108 668 toga
1132 599 1323 653 defluit
1349 606 1404 654 et
1426 600 1567 653 male
1590 600 1748 653 laxus

513 685 572 737 in
597 684 735 754 pede
758 684 971 737 calceus
995 684 1215 737 haeret:
1256 691 1312 737 at
1337 691 1420 737 est
1442 684 1637 749 bonus,
1668 692 1732 737 ut
1755 685 1948 738 melior
1972 684 2054 737 vir

514 786 625 821 non
651 767 790 821 alius
815 769 1121 839 quisquam,
1151 776 1209 823 at
1232 769 1334 822 tibi
1360 768 1584 833 amicus,
1614 777 1671 821 at
1692 769 1976 840 ingenium
1999 769 2198 838 ingens

514 854 723 907 inculto
747 853 884 908 latet
905 854 1011 907 hoc
1036 855 1138 908 sub
1165 871 1408 925 corpore.
1458 854 1714 924 Denique
1736 861 1792 907 te
1816 853 1998 924 ipsum

412 946 475 992 35
514 944 761 1002 concute,
789 956 924 991 num
947 956 1058 1008 qua
1079 940 1183 994 tibi
1206 940 1463 994 vitiorum
1488 939 1747 993 inseverit
1771 939 1902 992 olim

452 1079 457 1084 ,
516 1031 714 1078 natura
737 1030 833 1077 aut
858 1024 1020 1077 etiam
1047 1025 1386 1078 consuetudo
1411 1025 1580 1090 mala3
1621 1040 1856 1094 namque

515 1109 777 1182 neglectis
802 1108 1012 1161 urenda
1033 1107 1151 1163 filix
1177 1109 1477 1163 innascitur
1500 1109 1663 1180 agriS.

518 1195 660 1249 Illuc
685 1200 1104 1264 praevertamur,
1133 1201 1428 1248 amatorem
1455 1194 1604 1264 quod
1628 1194 1832 1247 amicae

515 1280 698 1352 turpia
720 1278 1005 1349 decipiunt
1028 1295 1246 1333 caecum
1271 1280 1421 1344 vitia,
1451 1286 1547 1332 aut
1572 1279 1734 1332 etiam
1757 1279 1878 1347 ipsa
1899 1278 2032 1332 haec

414 1373 478 1418 40
524 1365 822 1428 delectant,
850 1363 1002 1417 velut
1025 1363 1319 1417 Balbinum
1342 1365 1574 1436 polypus
1599 1363 1851 1433 Hagnae.

514 1451 723 1505 Vellem
748 1450 806 1502 in
831 1448 1070 1501 amicitia
1094 1448 1170 1503 sic
1197 1466 1499 1502 erraremus
1525 1455 1580 1501 et
1603 1449 1697 1502 isti

517 1535 685 1589 errori
709 1550 908 1587 nomen
932 1532 1106 1586 virtus
1130 1533 1405 1603 posuisset
1429 1533 1751 1586 honestum!

516 1623 595 1673 At
617 1625 771 1689 pater
795 1625 860 1671 ut
880 1618 1061 1688 gnati,
1091 1618 1168 1672 sic
1193 1636 1293 1672 nos
1319 1618 1580 1672 debemus
1603 1617 1764 1672 amici

515 1705 562 1757 si
588 1703 737 1773 quod
761 1703 834 1756 sit
856 1703 1051 1757 vitium
1076 1721 1187 1757 non
1211 1703 1476 1756 fastidire.
1532 1703 1854 1758 Strabonem

411 1797 476 1841 45
513 1789 752 1859 appellat
763 1794 986 1856 paetum
1009 1794 1180 1857 pater,
1222 1793 1277 1840 et
1289 1789 1523 1857 pullum,
1553 1788 1692 1841 male
1716 1805 1913 1858 parvus

515 1875 563 1927 si
588 1873 676 1927 cui
699 1872 843 1926 filius
869 1878 980 1935 est,
1011 1878 1074 1925 ut
1097 1872 1376 1927 abortivus
1400 1874 1506 1928 fuit
1530 1874 1660 1927 olim

516 1958 811 2028 Sisyphus3
847 1956 996 2010 hunc
1019 1975 1208 2011 varum
1232 1959 1478 2013 distortis
1503 1960 1768 2024 cruribus,
1797 1960 1953 2013 illum

515 2042 754 2097 balbutit.
775 2060 1021 2096 scaurum
1034 2082 1049 2108 ‚
1078 2044 1256 2114 pravis
1282 2044 1481 2098 fultum
1507 2045 1647 2099 male
1670 2045 1814 2099 talis.

513 2129 736 2184 Parcius
762 2128 850 2180 hic
874 2127 1042 2182 vivite
1065 2129 1237 2199 fraqi
1256 2130 1487 2184 dicatur.
1526 2130 1745 2203 ineptus

417 2223 480 2269 50
520 2220 575 2268 et
598 2213 886 2270 iactantior
909 2213 997 2267 hic
1021 2214 1205 2284 paullo
1232 2221 1346 2269 est:
1387 2214 1672 2269 concinnus
1697 2216 1884 2269 amicis

516 2299 759 2370 postulat
784 2306 847 2353 ut
870 2298 1135 2353 videatur.
1174 2307 1232 2354 at
1256 2308 1341 2353 est
1362 2301 1724 2356 truculentior
1746 2308 1910 2372 atque

516 2385 641 2456 plus
666 2402 839 2455 aequo
863 2384 1031 2440 libert
1070 2384 1295 2456 simplex
1304 2386 1580 2458 sordeque
1601 2386 1886 2439 habeatur.

515 2470 719 2524 caldior
744 2477 856 2524 est:
894 2488 1043 2524 acres
1066 2471 1208 2524 inter
1231 2477 1564 2525 numeretur.
1617 2472 1845 2541 Opinor,

513 2555 647 2609 haec
670 2572 757 2609 res
781 2562 837 2609 et
860 2555 1041 2625 iungit
1064 2554 1280 2609 iunctos
1305 2562 1363 2610 et
1385 2564 1564 2610 servat
1587 2557 1806 2610 amicos.

414 2647 477 2692 55
515 2641 594 2693 At
616 2658 717 2694 nos
740 2640 970 2694 virtutes
995 2640 1141 2710 ipsas
1165 2641 1486 2695 invertimus
1511 2649 1675 2712 atque

514 2724 782 2778 sincerum
807 2724 1056 2794 cupimus
1081 2742 1176 2780 vas
1200 2726 1517 2780 incrustare.
1557 2727 1760 2796 probus
1786 2727 1910 2797 quis

512 2808 796 2862 nobiscum
822 2810 987 2875 vivit,
1019 2810 1253 2864 multum
1277 2812 1546 2865 demissus
1570 2812 1767 2866 homor
1805 2811 1889 2865 illi

518 2892 672 2945 tardo
697 2910 1028 2963 cognomen,
1057 2895 1260 2967 pinym‘
1279 2897 1490 2950 damus.
1527 2897 1617 2949 hic
1641 2896 1788 2966 fugit
1810 2913 1998 2952 omnes

514 2977 740 3031 insidias
764 2979 1012 3049 nullique
1036 2981 1179 3035 malo
1203 2981 1349 3035 latus
1374 2982 1530 3035 obdit
1558 2989 1825 3052 apertum,

413 3068 476 3115 60
516 3079 638 3116 cum
665 3080 840 3134 genus
863 3064 969 3117 hoc
992 3064 1135 3118 inter
1158 3065 1302 3121 vitae
1326 3074 1588 3133 versetur,
1616 3068 1714 3121 ubi
1736 3068 1876 3124 acris

516 3148 723 3201 invidia
744 3155 910 3219 atque
934 3149 1125 3219 vigent
1147 3151 1244 3205 ubi
1269 3152 1525 3208 criminae
1564 3171 1663 3225 pro
1687 3154 1827 3207 bene
1850 3169 1984 3206 sano

517 3270 580 3318 34
619 3282 814 3332 pectore.
890 3273 951 3318 35
991 3277 1260 3333 insueveri23
1286 3279 1499 3336 inseruit,
1529 3280 1751 3325 insederit.
1823 3278 1888 3322 40
1914 3280 2080 3338 Agnae.
2143 3277 2217 3326 ‚42
2245 3281 2389 3325 virtue

375 3356 548 3387 nomen.
621 3341 687 3387 48
724 3346 890 3402 parvis.
965 3342 1027 3386 54
1064 3345 1215 3402 iungat
1236 3367 1308 3377 -
1331 3368 1398 3379 —
1425 3355 1584 3393 servet.
1657 3347 1720 3392 57
1748 3347 1877 3392 homo
1899 3347 1991 3393 ille.
2065 3346 2129 3392 58
2157 3348 2282 3392 tardo
2305 3361 2386 3403 ac3

369 3411 495 3456 tardo
520 3418 590 3468 εις
610 3434 680 3443 -
706 3413 879 3471 (pingui
902 3413 984 3466 et.)
