2667 3809
379 280 444 329 50
479 300 488 309 ·
1127 287 1464 331 sumnum
1488 276 1536 342 Ι,
1565 280 1616 330 4.

511 435 753 499 tempore
777 446 908 482 num
930 428 1132 483 faciant
1155 429 1350 483 alieno.
1403 430 1688 495 „Laedere
1709 430 1983 500 gaudes,“

510 515 692 587 inquit
723 521 824 581 „et
846 516 949 588 hoc
974 515 1154 569 studio
1178 533 1375 586 pravus
1400 516 1597 571 facis.“
1648 517 1804 571 Unde
1827 517 2059 586 petitum

413 609 476 654 80
513 602 617 656 hoc
640 602 700 655 in
722 619 807 655 me
831 601 998 656 iacis?
1034 608 1117 656 est
1139 607 1327 655 auctor
1353 601 1474 671 quis
1499 601 1732 672 denique
1758 619 1960 668 eorum,

512 687 625 743 vixi
649 704 771 741 cum
796 688 1031 758 quibus?
1078 688 1375 741 Absentem
1402 688 1495 758 qui
1518 688 1664 741 rodit
1695 688 1946 753 amicum,

516 774 611 845 qui
633 792 742 827 non
769 766 1012 828 defendit
1033 773 1140 826 alio
1167 774 1437 843 culpante,
1467 774 1673 827 solutos

441 901 451 910 .
515 860 610 930 qui
634 866 815 929 captat
836 860 975 913 risus
999 859 1280 912 hominum
1305 860 1608 930 famamque
1634 860 1849 926 dicaciS‚

513 948 717 1018 fingere
742 946 837 1016 qui
859 963 971 998 non
994 945 1110 1001 visa
1131 952 1311 1015 potest
1324 985 1339 1010 ,
1369 946 1652 999 commissa
1674 951 1850 998 tacere

416 1040 477 1086 85
516 1034 612 1104 qui
634 1032 856 1102 nequitz
895 1032 985 1085 hic
1008 1032 1164 1102 niger
1187 1039 1296 1097 est,
1325 1033 1471 1085 hunc
1494 1038 1557 1085 tu
1580 1032 1827 1085 Romane
1854 1038 2059 1086 caveto.

513 1119 684 1188 Saepe
707 1118 882 1171 tribus
905 1118 1059 1173 lectis
1083 1118 1264 1173 videas
1290 1135 1514 1172 coenare
1538 1124 1845 1192 quaternos,

513 1221 542 1257 e
568 1203 765 1274 quibus
791 1222 932 1258 unus
957 1204 1312 1276 amet-quavis
1340 1204 1658 1274 adspergere
1684 1212 1907 1258 cunctos

514 1298 724 1360 praeter
747 1308 871 1343 eum
896 1291 991 1361 qui
1013 1292 1235 1363 praebet
1257 1308 1482 1361 aquam3
1522 1297 1646 1360 post
1668 1290 1814 1343 hunc
1840 1307 2054 1362 quoque
2078 1298 2257 1362 potus,

513 1377 731 1431 condita
753 1394 875 1430 cum
899 1395 1062 1430 verax
1086 1379 1258 1448 aperit
1279 1376 1595 1447 praecordia
1616 1376 1798 1430 Liber.

410 1470 475 1516 90
511 1463 600 1517 hic
623 1464 725 1517 tibi
749 1463 914 1516 comis
939 1469 995 1516 et
1018 1464 1254 1517 urbanus
1279 1464 1524 1533 liberque
1547 1462 1763 1516 videtur

512 1550 708 1603 infesto
732 1548 904 1619 nigris
918 1571 931 1614 ;
971 1567 1073 1619 ego
1099 1551 1145 1603 si
1167 1550 1290 1614 risi,
1322 1549 1469 1622 quod
1492 1549 1710 1619 ineptus

500 1634 752 1706 pastillos
773 1634 1012 1705 Rufillus
1036 1635 1169 1702 olet,
1205 1635 1508 1705 Garyonius
1533 1635 1756 1701 hircum,

510 1721 711 1775 lividus
739 1728 793 1773 et
816 1721 1039 1774 mordax
1061 1721 1249 1776 videor
1269 1721 1391 1775 tibi.
1444 1720 1657 1775 Mentio
1682 1723 1728 1775 si
1754 1740 1860 1795 qua

512 1807 579 1859 de
604 1805 896 1876 Capitolini
920 1806 1078 1862 furtis
1101 1807 1298 1861 iniecta
1320 1807 1505 1861 Petilli

409 1901 474 1947 95
511 1901 566 1948 te
590 1909 770 1946 coram
792 1892 984 1957 fuerit,
1015 1893 1271 1946 defendas
1297 1901 1361 1947 ut
1383 1901 1511 1948 tuus
1532 1901 1616 1948 est
1637 1911 1785 1948 mos:

513 1996 643 2048 „me
669 1978 1005 2048 Capitolinus
1030 1979 1337 2033 convictore
1360 1997 1492 2033 usus
1517 1980 1797 2051 amicoque

512 2084 545 2120 a
566 2082 734 2136 puero
761 2071 844 2118 est
858 2103 872 2130 ,
902 2081 1166 2134 causaque
1189 2082 1309 2118 mea
1332 2066 1601 2135 permulta
1623 2069 1846 2136 rogatus

506 2154 668 2218 fecit,
698 2159 754 2206 et
776 2150 1062 2205 incolumis
1087 2151 1258 2208 laetor
1278 2152 1429 2221 quod
1453 2151 1587 2206 vivit
1610 2153 1668 2205 in
1693 2152 1856 2218 urbe3

352 2305 353 2310 Ἰ
513 2239 608 2293 sed
631 2245 811 2292 tamen
836 2237 1086 2302 admiror,
1117 2254 1223 2307 quo
1248 2229 1407 2305 pacto
1433 2237 1695 2291 iudicium
1720 2232 1860 2291 illud

379 2332 475 2379 100
511 2324 778 2396 fugerit.“
815 2324 904 2377 hic
927 2323 1113 2394 nigrae
1137 2341 1298 2377 sucus
1323 2323 1581 2393 loliginis,
1609 2325 1742 2377 haec
1768 2331 1850 2377 est

512 2425 712 2481 aerugo
736 2427 912 2475 mera3
953 2410 1100 2481 quod
1125 2409 1317 2463 vitium
1342 2409 1532 2479 procul
1556 2409 1703 2463 afore
1729 2409 1926 2463 chartis

514 2504 678 2568 atque
702 2496 880 2549 animo
904 2496 1072 2566 prius,
1102 2501 1165 2548 ut
1188 2496 1234 2548 si
1260 2495 1392 2564 quid
1416 2495 1728 2565 promittere
1754 2496 1820 2550 de
1845 2513 1931 2549 me

512 2600 731 2653 possum
755 2582 904 2636 aliud
929 2598 1069 2646 vere,
1099 2581 1376 2651 promitto,
1426 2581 1676 2635 Liberius
1702 2582 1748 2636 si

513 2669 700 2722 dixero
727 2667 886 2740 quid,
917 2667 962 2721 si
986 2667 1124 2720 forte
1148 2667 1401 2731 iocosius,
1429 2666 1533 2720 hoc
1556 2667 1691 2720 mihi
1715 2667 1847 2721 iuris

380 2761 474 2807 105
514 2771 637 2807 cum
660 2752 818 2808 venia
841 2754 1013 2808 dabis.
1051 2752 1288 2806 insuevit
1310 2759 1464 2822 pater
1487 2754 1724 2823 optimus
1748 2752 1853 2806 hoc
1876 2770 1979 2819 me,

512 2846 576 2894 ut
596 2841 839 2911 fugerem
862 2837 1120 2908 exemplis
1144 2837 1399 2891 vitiorum
1424 2825 1667 2910 quaeque
1689 2840 1949 2894 notando.

511 2927 647 2981 Cum
670 2945 756 2980 me
782 2927 1102 2989 hortaretur,
1130 2942 1306 2995 parce,
1334 2924 1633 2995 frugaliter,
1663 2933 1825 2996 atque

512 3011 746 3068 viverem
770 3011 853 3064 uti
878 3016 1163 3065 contentus
1189 3029 1270 3075 eo,
1301 3010 1448 3081 quod
1471 3009 1547 3065 mi
1571 3009 1686 3081 ipse
1709 3018 1980 3081 parasset:

513 3115 736 3164 „nonne
760 3096 928 3161 vides,
957 3095 1087 3150 Albi
1111 3103 1175 3151 ut
1196 3097 1336 3152 male
1361 3096 1507 3151 vivat
1529 3095 1689 3163 filius,
1721 3103 1889 3169 utque

513 3308 574 3355 79
613 3311 771 3369 inquis.
846 3308 908 3354 84
945 3323 1032 3355 non
1057 3312 1191 3355 iussa.
1277 3309 1339 3355 87
1377 3312 1487 3357 imus
1511 3319 1623 3357 avet.
1708 3309 1769 3355 89
1809 3310 2004 3356 candida.
2090 3309 2154 3357 92
2193 3312 2368 3370 Gorgo-

374 3382 488 3426 nius.
561 3375 625 3422 93
652 3378 836 3423 invidus.
908 3376 971 3423 95
998 3379 1232 3437 defendes3
1259 3380 1487 3438 defendis;
1512 3381 1729 3425 defensas.
1808 3378 1902 3422 100
1936 3380 2079 3426 fucus.
2157 3378 2251 3425 103
2280 3381 2367 3426 ali-

375 3449 494 3507 quid.
570 3444 664 3490 105
702 3448 942 3492 insevit—
966 3448 1049 3493 hoc
1074 3451 1146 3493 mi.
1223 3446 1317 3492 108
1357 3463 1592 3506 parassem.
1669 3446 1762 3492 109
1805 3456 1949 3507 atque.
