2667 3809
394 278 459 328 78
1146 286 1483 327 summum
1508 272 1554 338 I,
1583 276 1634 326 9.

529 435 654 483 tene
667 428 967 499 relinquam
981 445 1049 482 an
1063 432 1308 481 rem.“-—
1322 466 1337 491 ,
1346 427 1479 492 ,Me,
1497 427 1670 480 sodes.
1680 432 1783 467 “—
1804 466 1817 491 ,
1827 427 1975 491 ,Non
1989 426 2199 492 faciam,
2210 432 2250 459 “
2266 426 2378 494 ille,

530 523 586 569 et
609 514 927 584 praecedere
952 512 1149 582 coepit.
1201 530 1321 584 ego,
1351 521 1415 567 ut
1439 512 1764 567 contendere
1790 513 1986 568 durum
2012 520 2096 568 est

528 617 651 654 cum
675 601 896 664 victore,
924 615 1137 668 sequor.
1168 629 1233 638 ——
1259 599 1593 664 „Maecenas
1617 593 1887 669 quomodo
1912 600 2180 653 tecum?“

528 686 656 739 hinc
679 686 893 756 repetit,
925 701 1262 755 „paucorum
1288 685 1569 738 hominum
1593 693 1650 737 et
1671 683 1872 737 mentis
1891 684 2029 738 bene
2053 701 2246 749 sanae3

429 779 492 825 45
530 790 689 826 nemo
715 771 990 824 dexterius
1015 770 1234 826 fortuna
1257 777 1342 825 est
1366 788 1516 823 usus.
1565 769 1791 823 haberes

530 874 791 927 magnum
813 856 1133 921 adiutorem,
1162 863 1347 926 posset
1370 857 1465 926 qui
1488 855 1627 909 ferre
1652 855 1932 918 secundas,

528 943 675 996 hunc
701 943 973 996 hominem
997 942 1163 996 velles
1187 942 1235 996 si
1257 942 1499 1004 tradere;
1540 941 1856 1011 dispeream,
1885 941 1945 996 ni

530 1029 834 1083 submosses
860 1033 1112 1083 omnes.“
1138 1058 1203 1069 -—
1231 1027 1329 1092 „N
1329 1044 1401 1080 on
1426 1028 1532 1081 isto
1556 1027 1787 1082 vivimus
1805 1027 1917 1082 illic

531 1133 639 1186 quo
662 1123 724 1169 tu
747 1133 864 1169 rere
888 1116 1079 1179 modo;
1120 1114 1313 1168 domus
1337 1105 1438 1167 hac
1461 1130 1561 1168 nec
1585 1113 1773 1184 purior
1794 1113 1908 1168 ulla
1930 1120 2030 1178 est,
2127 1151 2134 1155 -

429 1205 496 1254 50
531 1219 632 1255 nec
655 1201 828 1273 magis
853 1200 937 1253 his
961 1200 1137 1253 aliena
1159 1200 1336 1253 malis.
1386 1199 1466 1253 nil
1489 1199 1565 1255 mi
1589 1199 1759 1255 officit
1782 1217 2037 1270 unquam,

528 1288 694 1343 ditior
717 1288 805 1342 hio
829 1294 925 1340 aut
948 1295 1031 1340 est
1055 1286 1181 1358 quia
1205 1285 1445 1350 doctior;
1485 1293 1568 1339 est
1592 1285 1744 1339 locus
1768 1285 1866 1339 uni

526 1374 720 1445 cuique
745 1378 942 1427 suus.“
964 1402 1030 1412 —
1057 1372 1368 1442 „Magnum
1386 1389 1588 1437 narras,
1616 1372 1709 1426 vix
1728 1370 2049 1426 credibile.“
2070 1365 2134 1411 -’-
2164 1372 2384 1443 „Atqui

526 1462 604 1515 sic
629 1461 859 1516 habet.“
883 1494 954 1503 —
979 1460 1290 1527 „Accendis
1316 1476 1482 1529 quare
1506 1458 1722 1528 cupiam
1743 1458 1917 1527 magis
1940 1457 2023 1511 illi

525 1547 804 1616 proximus
830 1553 1014 1601 esse.“
1040 1578 1101 1587 —
1129 1547 1322 1612 „Velis
1348 1545 1751 1609 tantummodo;
1788 1561 1925 1615 quae
1950 1549 2046 1600 tua
2067 1541 2260 1607 virtus,

427 1639 490 1684 55
529 1634 882 1704 expugnabis,
912 1640 967 1686 et
991 1641 1075 1686 est
1098 1633 1193 1704 qui
1216 1631 1363 1685 vinei
1386 1632 1575 1701 possit,
1607 1648 1780 1702 eoque

527 1718 774 1773 difficiles
797 1719 998 1789 primos
1023 1719 1205 1772 aditus
1229 1718 1459 1771 habet.“
1488 1747 1547 1758 —
1586 1717 1799 1782 „Haud
1821 1716 1955 1770 mihi
1980 1715 2172 1780 deero;

526 1804 840 1858 muneribus
866 1822 1048 1858 servos
1074 1821 1442 1874 corrumpam;
1481 1821 1614 1868 non,
1639 1802 1802 1858 hodie
1826 1801 1875 1856 si

528 1890 778 1944 exclusus
802 1890 975 1955 fuero,
1005 1890 1278 1955 desistam,
1307 1898 1551 1960 tempora
1577 1906 1847 1959 quaeram,

527 1992 800 2029 occurram
825 1976 882 2029 in
907 1976 1112 2041 triviis;
1154 1976 1435 2029 deducam.
1486 1976 1566 2029 nil
1589 1975 1705 2029 sine
1727 1991 1925 2044 magno

426 2067 491 2114 60
526 2062 640 2115 vita
661 2061 845 2115 labore
870 2061 1021 2115 dedit
1045 2061 1432 2117 mortalibus.“
1457 2092 1527 2102 —
1551 2062 1703 2115 Haec
1729 2061 1858 2114 dum
1881 2060 2015 2132 agit,
2044 2077 2167 2116 eece

424 2151 439 2160 “
526 2147 734 2200 Fuscus
758 2147 997 2202 Aristius
1022 2147 1272 2213 occurrit,
1301 2146 1437 2204 mihi
1462 2164 1615 2201 carus
1641 2153 1696 2200 et
1718 2146 1873 2201 illum
2011 2135 2016 2140 ’

525 2233 620 2304 qui
643 2232 866 2302 pulchre
890 2241 1114 2288 nosset.-
1144 2233 1508 2288 consistimus.
1562 2234 1751 2298 „unde
1777 2233 1926 2289 venis
1950 2239 2008 2290 et

527 2336 634 2388 quo
658 2319 872 2373 tendis?
890 2323 927 2352 ‘⁴
965 2327 1124 2390 rogat
1147 2326 1203 2373 et
1223 2319 1536 2390 respondet.
1592 2321 1801 2374 Vellere
1826 2319 1980 2391 coepi

523 2410 580 2457 et
601 2421 852 2474 prensare
875 2424 1039 2460 manu
1062 2405 1363 2459 lentissima
1385 2404 1622 2470 brachia,
1650 2412 1866 2470 nutans,

424 2494 487 2541 65
526 2489 870 2561 distorquens
894 2491 1099 2556 oculos,
1129 2497 1192 2544 ut
1214 2509 1299 2544 me
1324 2491 1573 2561 eriperet.
1623 2490 1772 2544 Male
1798 2492 1968 2545 salsus

523 2576 705 2630 ridens
731 2577 1088 2630 dissimulare.
1139 2594 1319 2632 meum
1344 2594 1437 2631 cor
1458 2594 1614 2631 urere
1638 2576 1781 2631 bilis.

523 2670 711 2728 „certe
737 2662 919 2716 nescio
945 2662 1078 2733 quid
1100 2671 1305 2716 secreto
1329 2663 1469 2717 velle
1493 2664 1645 2734 loqui
1669 2671 1724 2717 te

524 2748 703 2801 aiebas
726 2740 1003 2802 mecum.“
1027 2778 1099 2791 ·-
1123 2750 1397 2814 „Memini
1421 2749 1575 2814 bene,
1605 2750 1701 2803 sed
1724 2748 1945 2806 meliore

523 2839 765 2904 tempore
790 2834 993 2899 dicam,
1033 2834 1196 2889 hodie
1219 2834 1492 2889 tricesima
1516 2835 1757 2890 sabbata.
1806 2835 1916 2889 vin'
1940 2843 2003 2892 tu

425 2924 486 2971 70
524 2919 691 2974 curtis
716 2920 934 2973 ludaeis
960 2921 1260 2991 oppedereP
1279 2927 1316 2953 “
1349 2951 1409 2962 —
1440 2921 1650 2986 „Nulla
1672 2920 1873 2986 mihi,“
1897 2921 2136 2993 inquam,

523 3004 759 3075 „religio
785 3010 933 3059 est.“
958 3036 1028 3046 —
1054 3007 1178 3072 „At
1199 3007 1274 3062 mi
1288 3030 1303 3072 3
1344 3025 1465 3061 sum
1488 3007 1669 3077 paullo
1693 3006 1971 3073 infirmior,
2001 3024 2142 3064 unus

520 3089 835 3144 multorum.
886 3091 1162 3161 ignosces3
1200 3091 1333 3146 alias
1356 3093 1613 3164 loquar.“
1638 3123 1707 3133 —
1731 3092 2016 3148 Hunccine
2040 3094 2208 3149 solem

521 3300 586 3347 42
624 3303 777 3349 durum
801 3318 898 3349 cum
923 3307 1100 3351 victore.
1240 3304 1305 3349 44
1343 3306 1576 3364 homiuum,
1613 3311 1793 3366 mantin
1837 3308 2069 3364 hominum,
2110 3315 2158 3353 ut
2195 3310 2373 3354 mentis.

385 3369 451 3415 48
486 3373 658 3418 vivitur.
730 3369 794 3417 50
832 3375 1022 3433 inquam.
1091 3369 1156 3418 55
1193 3388 1262 3431 eo,
1290 3376 1421 3434 quod.
1494 3376 1557 3422 60
1594 3377 1692 3423 dum
1718 3380 1792 3423 ait.
1879 3375 1944 3422 64
1980 3390 2184 3437 presure
2207 3400 2277 3410 —
2301 3399 2372 3410 —

385 3442 569 3487 nictans.
643 3440 706 3486 68
744 3442 928 3489 meliori.
1000 3441 1064 3488 69
1101 3444 1165 3488 vin
1188 3450 1252 3490 tu.
