2667 3809
330 257 429 310 196
1019 267 1437 317 EPIs‘roLARuM
1462 257 1508 321 I,
1546 261 1625 309 10.

366 417 425 462 15
465 416 550 463 est
572 409 671 463 ubi
694 407 820 478 plus
844 415 1067 478 tepeant
1092 409 1313 475 hiemes,
1343 410 1441 465 ubi
1465 410 1671 480 gratior
1695 427 1828 467 aura

462 495 638 549 leniat
657 500 714 549 et
734 493 940 547 rabiem
966 495 1114 551 canis
1139 502 1196 549 et
1218 503 1497 553 momenta
1524 495 1715 559 leonis,

466 598 590 639 cum
615 579 782 637 semel
805 579 1015 649 accepit
1038 580 1209 635 solem
1238 579 1569 635 furibundus
1594 583 1852 639 acutum?

465 673 552 720 est
574 665 672 719 ubi
694 665 919 725 divellat
942 683 1160 719 somnos
1184 666 1368 719 minus
1391 666 1578 721 invida
1602 667 1771 721 cura?

466 752 706 807 deterius
729 751 948 820 Libycis
975 752 1087 803 olet
1103 756 1208 803 -aut
1232 751 1373 804 nitet
1396 751 1564 805 herba
1588 751 1789 822 lapillis
1803 752 1831 805 P

362 845 426 890 20
463 839 650 908 purior
674 838 732 890 in
757 837 891 893 vicis
916 854 1058 906 aqua
1081 836 1260 889 tendit
1282 853 1535 906 rumpere
1559 837 1862 906 plumbum,

464 942 628 996 quam
653 941 793 993 quae
817 940 913 993 per
936 939 1168 992 pronum
1194 920 1432 989 trepidat
1457 938 1579 973 cum
1609 908 1883 977 murmure
1913 921 2132 979 rivum?

461 1027 657 1080 nempe
680 1009 824 1063 inter
847 1008 1021 1061 varias
1046 1006 1288 1061 nutritur
1309 1006 1450 1058 silva
1466 1007 1754 1061 'columnas

463 1096 826 1165 laudaturque
852 1094 1065 1156 domus,
1094 1092 1290 1161 longos
1313 1109 1452 1162 quae
1478 1092 1742 1162 prospicit
1766 1110 1945 1162 agros.

461 1188 711 1234 naturam
736 1178 976 1249 expellas
1000 1178 1168 1239 furca,
1198 1184 1382 1229 tamen
1410 1195 1582 1248 usque
1607 1187 1849 1232 recurret

360 1274 423 1318 25
462 1274 518 1319 et
541 1266 683 1319 mala
706 1271 1018 1335 perrumpet
1044 1263 1230 1314 furtim
1255 1261 1477 1316 fastidia
1501 1264 1716 1316 victrix.

463 1370 573 1404 non
600 1351 695 1421 qui
721 1349 947 1404 Sidonio
973 1348 1301 1401 contendere
1328 1348 1557 1403 callidus
1583 1358 1730 1402 ostro

462 1438 638 1490 nescit
660 1436 991 1505 Aquinatem
1016 1434 1263 1504 potantia
1286 1434 1490 1487 vellera
1512 1435 1716 1498 fucum,

464 1523 663 1578 certius
688 1522 919 1591 accipiet
943 1520 1201 1572 damnum
1223 1519 1517 1588 propiusve
1542 1519 1815 1584 medullis,

463 1627 624 1681 quam
650 1607 744 1679 qui
769 1624 880 1660 non
906 1604 1110 1675 poterit
1132 1622 1260 1658 vero
1288 1605 1626 1675 distinguere
1649 1604 1867 1658 falsum.

364 1703 427 1749 30
465 1712 626 1766 quem
650 1711 734 1747 res
760 1692 882 1762 plus
907 1690 1077 1744 nimio
1103 1690 1440 1744 delectavere
1464 1690 1752 1754 secundae,

463 1786 703 1834 mutatae
729 1777 995 1847 quatient.
1034 1776 1081 1828 si
1107 1776 1240 1846 quid
1264 1775 1547 1841 mirabere,
1576 1793 1743 1846 pones

463 1867 689 1919 invitus.
735 1863 865 1933 fuge
889 1879 1114 1932 magna;
1157 1861 1285 1914 licet
1309 1861 1412 1914 sub
1437 1877 1676 1930 paupere
1700 1866 1846 1914 tecto

463 1968 620 2020 reges
646 1957 702 2002 et
724 1966 916 2019 regum
940 1948 1054 2001 vita
1076 1964 1424 2016 praecurrere
1449 1946 1671 1999 amicos.

465 2037 666 2090 Cervus
691 2051 892 2105 equum
917 2049 1104 2103 pugna
1127 2031 1319 2084 melior
1344 2032 1723 2085 communibus
1750 2031 1935 2085 herbis

364 2129 426 2174 35
466 2121 721 2192 pellebat,
752 2120 923 2172 donec
948 2118 1127 2171 minor
1150 2116 1208 2171 in
1234 2117 1527 2170 certamine
1552 2116 1722 2187 longo

464 2206 776 2277 imploravit
798 2223 928 2275 opes
952 2203 1191 2257 hominis
1216 2203 1540 2273 frenumque
1563 2202 1787 2272 recepit.

464 2293 560 2345 sed
584 2300 872 2363 postquam
895 2291 1070 2345 vietor
1094 2289 1302 2342 violens
1328 2286 1581 2341 discessit
1603 2289 1671 2341 ab
1696 2288 1871 2353 hoste,

466 2396 577 2432 non
603 2378 841 2449 equitem
867 2378 1046 2439 dorso,
1075 2392 1187 2427 non
1212 2374 1428 2426 frenum
1452 2373 1665 2442 depulit
1689 2391 1799 2427 ore.

465 2464 543 2517 sic
568 2464 664 2534 qui
687 2464 1002 2534 pauperiem
1028 2460 1231 2516 veritus
1257 2459 1470 2529 potiore
1495 2459 1730 2513 metallis

360 2557 426 2601 40
464 2549 715 2602 libertate
739 2555 903 2613 caret,
933 2549 1216 2601 dominum
1241 2546 1394 2599 vehit
1417 2545 1696 2615 improbus
1721 2549 1885 2614 atque

464 2635 661 2688 serviet
684 2640 984 2698 aeternum,
1014 2634 1144 2703 quia
1168 2650 1333 2703 parvo
1360 2633 1568 2686 nesciet
1590 2632 1693 2686 uti.

466 2720 553 2773 cui
577 2736 688 2773 non
713 2719 999 2772 conveniet
1021 2736 1120 2772 sua
1143 2736 1246 2784 res,
1276 2724 1342 2771 ut
1365 2718 1575 2771 calceus
1601 2716 1748 2781 olim,

464 2867 499 2909 l.
539 2863 623 2917 (16
651 2865 864 2911 fermenta
887 2864 1064 2918 leonis.)
1143 2863 1205 2908 18
1231 2865 1435 2923 depellat.
1508 2860 1568 2904 21
1599 2862 1793 2920 planum.
1854 2857 1917 2903 22
1946 2860 2113 2904 Parias.
2164 2856 2227 2901 24
2255 2872 2342 2902 ex-

324 2934 492 2991 pelles3
520 2933 724 2992 expellis.
797 2931 860 2976 25
890 2933 1093 2990 fastigia3
1124 2935 1321 2990 vestigia.
1396 2930 1457 2995 27
1487 2945 1653 2978 sucum.
1718 2928 1781 2973 28
1808 2930 2092 2988 propiusque.
2168 2925 2229 2970 29
2257 2941 2337 2971 ve-

326 3016 420 3045 rum
447 3003 715 3059 distinguere
741 3001 870 3046 falso.
945 2999 1007 3044 37
1046 3001 1212 3046 violens
1236 3003 1403 3058 victor-3
1430 3000 1597 3044 violens
1620 3001 1761 3056 vict03
1788 3000 1928 3043 victor
1951 2998 2081 3041 victo.
2155 2994 2223 3039 40
2256 3010 2341 3039 ve-

327 3070 417 3115 hel.
489 3068 550 3111 41
595 3072 778 3114 nesciat.

442 3139 499 3185 11.
541 3137 600 3180 15
639 3138 832 3195 hyemes.
910 3135 969 3179 10
1008 3137 1180 3194 lybicis.
1255 3135 1318 3180 23
1358 3151 1468 3195 quae
1492 3137 1664 3194 longos.
1740 3132 1804 3178 24
1840 3133 2055 3191 expelles.
2129 3130 2192 3175 25
2231 3146 2339 3190 peu·-

325 3207 486 3263 rumpit
510 3227 577 3236 —-
601 3206 802 3260 vestigia.
877 3200 938 3246 27
979 3217 1176 3251 succum.
1248 3203 1312 3249 28
1352 3206 1634 3264 propiusque.
1706 3202 1772 3247 40
1811 3202 1957 3246 vehet.

419 3274 495 3316 111.
538 3270 599 3315 18
637 3270 843 3329 depellat.
932 3270 990 3314 19
1028 3272 1201 3329 lybicis.
1285 3271 1349 3315 24
1388 3272 1599 3331 expelles.
1693 3270 1756 3316 25
1795 3271 1970 3327 fastigia
1997 3271 2258 3322 (correctum
2284 3271 2337 3312 1⁶11

325 3341 537 3392 fastidia).
612 3336 674 3381 26
701 3338 903 3381 sitdonio.
976 3334 1039 3383 27
1077 3342 1284 3397 potentia.
1359 3338 1419 3383 31
1459 3342 1679 3399 quacient.
1753 3337 1818 3383 38
1844 3338 2043 3398 equidem
2071 3339 2336 3390 (correctum

321 3409 371 3451 in
396 3408 619 3466 equitem).
692 3403 757 3448 40
794 3404 938 3450 vehet.
