2667 3809
423 260 489 312 98
1151 267 1490 311 sammon
1513 255 1590 318 11,
1614 257 1664 306 2.

558 412 769 477 iudice3
807 429 933 465 nam
956 412 1157 465 frustra
1179 411 1374 465 vitium
1397 411 1650 465 vitaveris
1675 409 1832 474 illud,

458 507 520 551 55
559 499 605 552 si
628 505 684 551 te
708 498 815 551 alio
837 514 1061 568 pravum
1086 497 1395 550 detorseris.
1444 497 1766 561 Avidienus,

558 585 646 638 cui
671 585 833 638 Oanis
857 601 924 637 ex
950 601 1076 637 vero
1101 583 1326 637 ductum
1352 601 1652 654 cognomen
1677 583 1952 648 adhaeret,

557 671 933 742 quinquennes
957 670 1103 723 oleas
1128 676 1211 722 est
1235 676 1290 722 et
1313 669 1582 723 silvestria
1610 684 1789 734 corna,

554 775 618 811 ac
640 756 747 810 nisi
771 763 1039 808 mutatum
1063 754 1236 826 parcit
1259 755 1555 809 defundere
1579 756 1783 819 vinum,
1815 763 1871 809 et

554 842 710 896 cuius
735 842 955 895 odorem
979 841 1086 895 olei
1111 858 1348 911 nequeas
1371 841 1622 910 perferre,
1651 872 1718 882 -
1741 841 1927 896 licebit

458 934 519 980 60
557 928 651 981 ille
675 927 902 996 repotia,
930 926 1136 980 natales
1159 927 1362 981 aliosve
1386 926 1597 980 dierum

555 1013 725 1066 festos
749 1012 960 1065 albatus
985 1010 1220 1065 celebret
1245 1044 1306 1052 -—
1336 1030 1503 1068 cornu
1528 1014 1643 1085 ipse
1667 1013 1851 1069 bilibri

555 1098 800 1153 caulibus
824 1098 1068 1163 instillat,
1097 1099 1295 1152 veteris
1319 1116 1429 1152 non
1455 1116 1647 1169 parcus
1673 1100 1830 1152 aceti.

557 1185 722 1245 Quali
745 1185 914 1255 igitur
936 1184 1082 1238 victu
1108 1184 1320 1254 sapiens
1346 1192 1531 1238 utetur
1558 1192 1614 1238 et
1636 1185 1831 1238 horum

555 1278 738 1325 utrum
762 1270 1102 1325 imitabitur?
1137 1270 1236 1322 hac
1260 1276 1423 1339 urget
1447 1267 1627 1338 lupus,
1653 1270 1755 1323 hac
1780 1271 1946 1337 canis,
1975 1271 2147 1324 aiunt.

455 1361 518 1412 65
554 1358 799 1413 Mundus
825 1357 943 1421 erit,
974 1373 1081 1427 qua
1104 1373 1215 1408 non
1240 1354 1479 1408 offendat
1501 1355 1770 1421 sordibus,
1800 1364 1962 1427 atque

551 1445 610 1498 in
635 1452 880 1499 neutram
903 1450 1110 1513 partem
1137 1441 1314 1495 cultus
1339 1441 1519 1494 miser.
1566 1441 1654 1494 hic
1678 1460 1853 1514 neque
1878 1443 2062 1507 servis,

551 1529 747 1583 Albuti
771 1529 913 1583 senis
937 1527 1204 1598 exemplo,
1235 1527 1366 1580 dum
1390 1527 1576 1580 munia
1601 1527 1760 1593 didit,

553 1633 743 1669 saevus
769 1615 888 1679 erit,
916 1632 1017 1667 nec
1041 1614 1118 1666 sic
1143 1622 1207 1667 ut
1231 1613 1460 1683 simplex
1484 1613 1723 1666 Naevius
1747 1620 1965 1667 unctam
2125 1668 2138 1678 ,

552 1701 793 1754 convivis
816 1700 1096 1770 praebebit
1119 1716 1341 1770 aquam3
1382 1699 1576 1753 vitium
1599 1705 1700 1752 hoc
1726 1717 1941 1770 quoque
1965 1718 2241 1771 magnum.

454 1794 515 1840 70
552 1786 752 1856 Accipe
777 1803 941 1850 nunc,
969 1785 1145 1838 victus
1169 1784 1352 1838 tenuis
1378 1803 1516 1856 quae
1540 1794 1850 1856 quantaque
1874 1803 2056 1840 secum

550 1872 754 1926 afferat.
804 1871 862 1923 in
887 1870 1075 1941 primis
1096 1870 1275 1924 valeas
1300 1870 1466 1936 bene;
1505 1888 1631 1924 nam
1656 1871 1832 1924 variae
1856 1889 1943 1927 res

552 1965 616 2012 ut
637 1963 869 2011 noceant
890 1955 1115 2021 homini,
1145 1957 1330 2009 credas
1354 1974 1560 2010 memor
1583 1955 1732 2010 illius
1756 1975 1925 2022 escae,

551 2061 689 2116 quae
713 2042 942 2112 simplex
966 2040 1096 2094 olim
1119 2041 1221 2094 tibi
1247 2041 1465 2095 sederit.
1516 2049 1573 2096 at
1597 2044 1759 2097 simul
1783 2044 1917 2099 assis

551 2126 830 2182 miscueris
855 2126 1014 2192 elixa,
1044 2126 1206 2180 simul
1228 2128 1513 2198 conchylia
1537 2130 1730 2195 turdis,

453 2223 479 2266 7
487 2222 515 2267 5
553 2214 733 2267 dulcia
756 2231 812 2267 se
837 2214 893 2267 in
918 2213 1082 2267 bilem
1104 2221 1332 2278 vertent,
1363 2215 1750 2285 stomachoque
1774 2215 2075 2270 tumultum

550 2300 699 2353 lenta
722 2301 859 2353 feret
880 2299 1099 2370 pituita.
1148 2300 1299 2353 vides
1325 2307 1389 2352 ut
1410 2299 1647 2371 pallidus
1675 2302 1851 2357 omnis

549 2390 714 2439 coena
738 2385 995 2455 desurgat
1019 2384 1203 2437 dubia.
1256 2385 1388 2455 quin
1414 2402 1609 2456 corpus
1634 2395 1891 2440 onustum

547 2471 814 2525 hesternis
839 2470 986 2524 vitiis
1011 2469 1250 2523 animum
1275 2488 1491 2542 quoque
1515 2479 1835 2542 praegravat
1857 2491 1966 2527 una

549 2566 711 2629 atque
737 2557 912 2628 affigit
934 2557 1100 2609 humo
1127 2557 1342 2612 divinae
1366 2558 1688 2628 particulam
1714 2576 1894 2613 aurae.

449 2649 510 2695 80
546 2644 702 2697 Alter
726 2644 821 2697 ubi
847 2643 991 2696 dicto
1015 2642 1177 2695 citius
1203 2649 1390 2696 curata
1414 2643 1596 2714 sopori

546 2730 786 2782 membra
810 2728 979 2792 dedit,
1006 2736 1231 2798 vegetus
1255 2729 1587 2799 praescripta
1609 2729 1678 2783 ad
1701 2729 1890 2783 munia
1912 2732 2105 2801 surgit.

545 2815 634 2867 hic
658 2821 841 2868 tamen
865 2814 935 2865 ad
957 2813 1150 2867 melius
1175 2815 1377 2883 poterit
1400 2821 1763 2870 transcurrere
1789 2817 2079 2886 quondam,

544 2901 655 2953 sive
682 2901 825 2952 diem
849 2897 1045 2951 festum
1070 2899 1284 2952 rediens
1307 2901 1587 2955 advexerit
1609 2920 1802 2967 annus,

543 3003 640 3039 seu
662 3002 900 3038 recreare
924 2985 1071 3038 volet
1095 2993 1378 3039 tenuatum
1406 3003 1618 3057 corpus,
1648 2988 1850 3058 ubique

445 3077 506 3123 85
543 3071 802 3124 accedent
826 3071 955 3123 anni
979 3076 1034 3124 et
1058 3071 1274 3124 tractari
1298 3072 1521 3125 mollius
1546 3081 1692 3126 aetas

544 3215 605 3259 55
633 3228 811 3275 pravus.
884 3215 947 3259 56
974 3216 1159 3271 dictum3
1191 3216 1266 3269 (ex
1288 3215 1421 3261 verbo
1445 3217 1658 3272 ductum.)
1733 3217 1796 3262 58
1823 3220 2089 3278 diffundere3
2116 3222 2401 3280 perfundere.

407 3283 468 3328 59
509 3285 668 3329 oleum.
758 3283 820 3329 62
858 3282 1027 3341 largus.
1122 3282 1185 3326 64
1222 3286 1342 3330 canis
1361 3286 1497 3343 angit.
1592 3285 1654 3331 65
1693 3290 1766 3345 qui
1795 3310 1857 3319 —-
1883 3289 2098 3345 offendet3
2126 3290 2307 3334 offendit
2330 3312 2401 3323 —

404 3354 623 3398 sordidus.
697 3352 759 3397 66
798 3354 936 3398 cultu.
1011 3351 1072 3395 67
1100 3353 1270 3396 Albuci.
1347 3352 1409 3397 68
1448 3368 1604 3414 neque.
1680 3354 1741 3400 69
1780 3358 2029 3416 praebebat.
2103 3358 2163 3402 75
2201 3366 2395 3404 vertunt.

407 3421 467 3465 79
495 3424 657 3482 afligit.
697 3421 758 3466 83
785 3423 1030 3466 adduxerit.
1071 3419 1155 3474 (84
1181 3421 1346 3475 ubive.)
1399 3419 1460 3466 85
1488 3425 2036 3483 accedun13actedant—
2054 3430 2170 3484 anui,
2199 3429 2396 3473 tractari.
