2667 3809
324 272 436 322 184
1062 278 1476 320 amsi-omnim
1500 266 1546 330 1,
1579 271 1628 319 7.

471 419 744 474 differtum
770 419 999 473 transire
1022 418 1203 473 forum
1226 420 1603 491 populumque
1627 420 1871 485 iubebat,

353 514 433 560 {50
471 524 614 560 unus
639 512 702 560 ut
725 522 756 559 e
780 505 967 559 multis
991 506 1196 575 populo
1222 512 1502 576 spectante
1526 505 1752 560 referret

468 597 710 662 emptum
734 588 917 644 mulus
942 608 1151 661 aprum.
1192 591 1346 645 crudi
1372 591 1678 662 tumidique
1704 591 1967 657 lavemur,

465 676 602 748 quid
625 676 815 729 deceat
829 713 844 740 ,
879 676 1014 746 quid
1037 694 1149 729 non
1174 676 1361 741 obliti,
1391 677 1604 731 Caerite
1628 694 1752 730 cera

459 761 650 832 digni,
678 761 968 831 remigium
992 761 1252 815 vitiosum
1278 761 1586 816 Ithacensis
1613 761 1812 826 Ulixei,

466 846 555 900 cui
579 845 761 917 potior
784 846 960 916 patria
982 846 1090 900 fuit
1112 847 1406 901 interdicta
1428 847 1702 917 voluptas.

365 940 429 984 65
469 933 543 996 si,
573 931 934 985 Mimnermus
960 932 1044 985 uti
1068 939 1281 996 censet,
1312 932 1430 985 sine
1453 948 1636 985 amore
1660 931 1902 1001 iocisque

464 1017 543 1070 nil
566 1023 652 1071 est
672 1017 991 1082 iucundum,
1026 1017 1177 1072 vivas
1200 1018 1259 1072 in
1283 1034 1466 1071 amore
1490 1017 1753 1088 iocisque.
1783 1049 1852 1057 —-

463 1102 617 1166 Vive,
646 1101 796 1156 vale!
837 1102 883 1155 si
908 1103 1042 1173 quid
1065 1103 1269 1157 novisti
1290 1102 1494 1156 rectius
1518 1102 1657 1167 istis,

462 1187 728 1241 candidus
752 1188 969 1258 imperti
990 1211 1004 1253 ς
1045 1189 1092 1242 si
1116 1206 1245 1253 non,
1275 1189 1363 1241 his
1388 1195 1540 1242 utere
1564 1189 1809 1242 mecum!

1244 1477 1378 1540 VII
1390 1524 1403 1537 .

1041 1629 1150 1681 (aa
1175 1628 1609 1681 nmen-tem.)

458 1751 714 1821 Quinque
740 1750 855 1803 dies
880 1750 983 1802 tibi
1008 1750 1286 1819 pollicitus
1311 1768 1398 1804 me
1422 1768 1548 1804 rure
1570 1750 1838 1814 futurum,

456 1834 707 1888 sextilem
732 1841 909 1888 totum
934 1835 1170 1889 mendax
1197 1837 1495 1890 desideror.
1533 1834 1687 1905 atqui

457 1920 504 1972 si
527 1938 614 1973 me
638 1920 818 1989 vivere
843 1921 925 1974 vis
950 1937 1143 1973 sanum
1166 1929 1420 1991 recteque
1445 1920 1736 1986 valentem,

457 2022 619 2075 quam
644 2005 780 2058 mihi
804 2004 900 2059 das
925 2022 1108 2076 aegro,
1138 2005 1293 2059 dabis
1318 2013 1600 2076 aegrotare
1626 2007 1858 2072 timenti,

390 2098 419 2141 5
459 2091 764 2155 Maecenas,
793 2090 1024 2157 veniam,
1055 2092 1186 2145 dum
1210 2092 1346 2145 ficus
1370 2091 1544 2162 prima
1570 2091 1823 2162 calorque

455 2175 855 2246 designatorem
883 2177 1103 2232 decorat
1127 2177 1411 2231 lictoribus
1437 2176 1587 2241 atris,

454 2261 585 2331 dum
610 2262 793 2332 pueris
819 2262 995 2316 omnis
1020 2271 1173 2334 pater
1198 2271 1252 2317 et
1277 2262 1572 2316 matercula
1597 2262 1782 2333 pallet,

451 2347 797 2418 officiosaque
823 2347 1084 2420 sedulitas
1109 2355 1165 2402 et
1191 2347 1369 2418 opella
1400 2347 1629 2401 forensis

450 2433 676 2488 adducit
698 2433 876 2487 febres
902 2441 958 2487 et
980 2441 1306 2488 testamenta
1328 2432 1591 2504 resignat.

351 2524 412 2570 10
451 2518 647 2589 quodsi
671 2518 864 2574 bruma
887 2521 1041 2575 nives
1065 2520 1295 2574 Albanis
1319 2519 1500 2573 illinet
1527 2519 1694 2590 agris,

448 2604 517 2657 ad
541 2621 687 2658 mare
712 2605 1007 2660 descendet
1028 2614 1180 2661 vates
1204 2614 1336 2659 tuus
1361 2611 1416 2659 et
1440 2604 1543 2657 sibi
1567 2611 1753 2674 parcet

448 2696 866 2760 contractusque
896 2690 1071 2760 leget3
1113 2696 1186 2757 te,
1216 2689 1393 2743 dulcis
1418 2689 1605 2755 amice,
1634 2690 1835 2744 reviset

447 2790 571 2827 cum
595 2775 875 2845 ZephyriS,
905 2775 951 2829 si
976 2776 1258 2841 concedes,
1287 2784 1344 2829 et
1365 2774 1659 2828 hirundine
1683 2775 1875 2846 prima.

443 2858 499 2912 N
501 2875 574 2910 on
598 2875 708 2929 quo
732 2877 882 2913 more
906 2860 1039 2931 piris
1064 2860 1209 2914 vesci
1234 2860 1460 2914 Calaber
1485 2859 1638 2913 iubet
1663 2860 1879 2931 hospeS,

449 3002 483 3047 Ι.
519 2999 606 3055 (59
646 3003 788 3048 sorum
826 3006 1145 3063 campumque.)
1254 3003 1315 3049 61
1356 3012 1527 3063 captum
1562 3004 1722 3050 mulus.
1829 3003 1894 3050 63
1934 3006 2083 3062 Ulixi3
2124 3006 2321 3064 Ulyssei.

309 3069 374 3114 (58
400 3071 438 3115 si
464 3071 544 3116 nil.
572 3093 638 3103 —
663 3071 759 3116 vn.
788 3067 815 3113 2
842 3078 1000 3130 atqn03
1027 3080 1073 3117 at
1097 3080 1159 3119 tu.
1221 3070 1250 3116 3
1277 3075 1344 3117 vis
1366 3080 1575 3131 mcteqne
1597 3073 1762 3119 videre.
1825 3073 1854 3118 5
1881 3075 2110 3135 colorque.
2172 3074 2201 3120 6
2228 3077 2321 3120 dis·

308 3141 591 3196 signatorem.
663 3136 692 3181 9
731 3139 931 3184 adducet.
1008 3137 1068 3183 13
1106 3141 1351 3198 concedam
1378 3142 1598 3187 concedis.
1646 3186 1649 3191 ,

424 3206 482 3250 ll.
522 3204 585 3251 59
624 3208 853 3252 transsire.
964 3204 1027 3252 63
1065 3207 1301 3254 ithacensis
1337 3210 1510 3267 Ulyxei.
1550 3231 1617 3244 —-
1663 3210 1760 3254 VH.
1797 3210 1875 3255 Ad
1910 3212 2317 3257 Maecenatem

307 3275 483 3333 epist.
514 3275 560 3320 7.
585 3297 654 3307 —
692 3273 721 3319 2
758 3282 802 3320 at
826 3276 918 3334 qni.
1002 3273 1029 3319 3
1069 3278 1133 3321 vis
1159 3287 1364 3336 recteque
1389 3277 1557 3324 videre.
1642 3277 1670 3322 5
1709 3279 1960 3325 Maecenas.
2051 3278 2110 3324 10
2148 3280 2317 3325 allinet.

311 3339 372 3385 13
409 3343 628 3402 Zephiris,
655 3345 694 3388 si
718 3344 950 3389 concedas.

397 3411 474 3457 nt.
501 3412 580 3457 Ad
604 3413 841 3458 Maecen
857 3419 949 3457 ate
965 3426 1022 3457 m.
1046 3433 1117 3444 —
1141 3412 1169 3457 5
1197 3413 1425 3473 colorque.
1498 3412 1528 3459 9
1554 3412 1696 3461 adduc
1717 3436 1785 3447 ·-
1802 3417 1998 3474 resigna.
2054 3414 2114 3460 10
2142 3416 2318 3462 inliuet.
