2667 3809
373 274 474 325 298
1101 285 1517 328 EPISTOLARUM
1543 275 1672 354 111.-

514 444 584 480 an
608 426 681 480 sit
704 426 945 481 amicitia
968 425 1202 497 dignust
1240 427 1288 481 si
1313 428 1552 482 carmina
1575 428 1797 494 condes,

520 529 800 582 nunquam
827 519 881 565 te
903 510 1099 565 fallant
1122 512 1289 566 animi
1315 512 1418 576 cub
1442 514 1607 584 vulpe
1631 513 1883 568 latentes.

514 597 787 657 Quintilio
813 597 861 650 si
884 596 1019 667 quid
1042 598 1296 653 recitares
1313 620 1329 652 ε
1370 598 1626 669 „corrige
1652 598 1812 652 sodes

513 683 662 736 hoc“
689 682 872 736 aiebat
904 689 1006 747 „et
1027 683 1133 736 hoc
1146 706 1161 749 3
1184 689 1221 715 “
1259 684 1455 738 melius
1479 692 1535 737 te
1560 701 1720 754 posse
1744 702 1972 755 negares

377 775 478 821 440
513 768 599 821 bis
623 774 815 838 terque
840 774 1127 838 expertum
1150 768 1370 833 frustra,
1400 769 1581 823 delere
1606 768 1834 823 iubebat

514 860 572 906 et
592 853 734 906 male
758 860 1007 906 tornatos
1031 854 1219 907 incudi
1243 854 1471 908 reddere
1494 871 1704 908 versus.

516 939 563 992 si
589 938 881 992 defendere
906 939 1166 993 delictum
1194 957 1356 1010 quam
1382 945 1594 994 vertere
1618 940 1828 1006 malles,

513 1024 727 1079 nullum
752 1024 899 1078 ultra
922 1023 1149 1080 verbum
1173 1033 1271 1079 aut
1294 1042 1515 1094 operam
1539 1025 1854 1080 insumebat
1875 1026 2113 1092 inanem,

472 1148 477 1152 -
514 1110 648 1180 quin
673 1110 791 1163 sine
813 1110 975 1165 rivali
997 1117 1163 1180 teque
1188 1118 1246 1164 et
1267 1117 1366 1164 tua
1388 1110 1539 1164 solus
1564 1128 1793 1165 amareS.

376 1202 476 1247 445
515 1194 613 1248 Vir
633 1194 813 1248 bonus
838 1203 895 1249 et
914 1195 1154 1266 prudens
1179 1213 1367 1251 versus
1391 1196 1756 1265 reprehendet
1777 1196 1997 1262 inertes,

513 1279 759 1352 culpabit
781 1281 968 1345 duros,
1000 1281 1294 1351 incomptis
1318 1279 1529 1334 adlinet
1550 1288 1730 1335 atrum

514 1373 823 1420 transverso
849 1367 1055 1421 calamo
1080 1367 1318 1437 signum,
1346 1366 1637 1420 ambitiosa
1659 1367 1868 1422 recidet

514 1460 848 1516 ornamenta,
877 1470 1077 1523 parum.
1093 1452 1252 1507 claris
1276 1453 1456 1506 lucem
1482 1452 1611 1505 dare
1638 1459 1816 1524 coget,

514 1543 712 1608 arguet
734 1537 991 1608 ambigue
1016 1538 1242 1604 dictum,
1270 1536 1536 1591 mutanda
1558 1538 1793 1603 notabit,

375 1628 476 1673 450
514 1622 609 1675 flet
630 1623 1000 1677 Aristarchus.
1037 1641 1149 1677 non
1174 1624 1321 1678 dicet
1345 1641 1487 1689 „cur
1511 1641 1616 1693 ego
1642 1622 1876 1677 amicum

513 1708 784 1784 offendam
807 1710 866 1763 in
892 1710 1058 1780 nugis
1072 1711 1097 1763 P
1114 1714 1152 1741 “
1186 1708 1290 1761 hae
1314 1725 1496 1778 nugae
1519 1708 1661 1762 seria
1685 1709 1889 1763 ducent

512 1792 571 1844 in
595 1793 738 1847 male.
763 1795 1000 1848 derisum
1027 1794 1193 1848 semel
1218 1801 1617 1866 exceptumque
1645 1795 1883 1848 sinistre.

512 1878 588 1930 Ut
611 1879 753 1931 mala
775 1897 939 1949 quem
964 1879 1172 1933 scabies
1197 1886 1293 1933 aut
1314 1880 1540 1933 morbus
1563 1881 1749 1951 regius
1774 1888 1936 1951 urget

510 1969 611 2016 aut
631 1964 903 2018 fanaticus
927 1981 1077 2017 error
1092 1970 1158 2034 ⁴et
1179 1965 1442 2019 iracunda
1464 1965 1663 2032 Diana,

375 2055 476 2099 455
512 2065 774 2102 vesanum
798 2049 1049 2120 tetigisse
1072 2049 1270 2105 timent
1292 2051 1625 2122 fugiuntque
1648 2057 1866 2122 poetam

513 2133 610 2203 qui
633 2134 886 2204 sapiunt3
925 2134 1140 2205 agitant
1161 2136 1318 2206 pueri
1345 2136 1664 2206 incautique
1688 2142 2010 2207 sequuntur.

513 2218 604 2272 hic
629 2219 761 2272 dum
784 2220 1033 2274 sublimis
1057 2238 1245 2274 versus
1268 2228 1518 2276 ructatur
1542 2229 1599 2275 et
1621 2227 1783 2287 errat,

514 2304 562 2358 ei
585 2305 756 2359 veluti
779 2305 1002 2359 merulis
1026 2305 1274 2359 intentus
1299 2305 1505 2360 decidit
1528 2323 1726 2377 auceps

511 2390 571 2444 in
594 2398 822 2462 puteum
845 2392 1143 2456 foveamve‚
1172 2392 1305 2445 licet
1328 2392 1719 2457 ‚‚succurrite“
1745 2391 1973 2461 longum

372 2483 475 2529 460
512 2476 711 2532 clamet
735 2478 836 2543 „io
860 2477 1071 2542 cives,“
1106 2494 1219 2530 non
1245 2476 1318 2529 sit
1343 2476 1439 2547 qui
1461 2476 1653 2530 tollere
1678 2483 1851 2530 curet.

511 2562 559 2616 si
582 2570 738 2617 curet
761 2563 883 2634 quis
908 2580 1067 2633 opem
1092 2562 1232 2615 ferre
1257 2570 1313 2615 et
1338 2561 1625 2616 demittere
1647 2562 1853 2627 funem,

513 2647 655 2720 „qui
677 2648 802 2714 scis,
830 2665 900 2701 an
925 2647 1165 2717 prudens
1190 2649 1298 2702 huc
1324 2664 1383 2702 se
1407 2647 1697 2718 proiecerit
1721 2655 1885 2718 atque

511 2733 714 2787 servari
738 2731 879 2787 nolit
897 2734 920 2787 Ρ
937 2740 974 2765 “
1013 2733 1189 2788 dicam
1216 2733 1496 2803 Siculique
1519 2740 1713 2803 poetae

510 2818 740 2872 narrabo
765 2819 1073 2873 interitum.
1106 2819 1241 2873 deus
1265 2818 1587 2871 immortalis
1610 2818 1801 2872 haberi

373 2907 474 2954 465
513 2902 645 2955 dum
670 2903 823 2974 cupit
844 2905 1224 2976 Empedocles,
1254 2905 1534 2958 ardentem
1559 2903 1793 2974 frigidus
1817 2905 2052 2959 Aetnam

511 2986 744 3041 insiluit.
781 2990 854 3043 sit
876 2990 961 3044 ius
986 2991 1254 3062 liceatque
1277 2990 1453 3062 perire
1477 2988 1684 3060 poetis;

511 3071 744 3125 invitum
770 3074 867 3143 qui
889 3083 1095 3140 servat,
1124 3075 1269 3130 idem
1293 3076 1428 3130 facit
1450 3074 1740 3130 occidenti.

511 3172 612 3208 nec
635 3157 802 3210 semel
826 3158 931 3211 hoc
955 3160 1112 3225 fecit,
1141 3178 1241 3216 nec
1267 3161 1314 3215 si
1336 3167 1607 3214 retractus
1632 3151 1738 3214 erit
1759 3160 1867 3214 iem

513 3279 612 3325 437
652 3281 822 3326 sallent.
893 3280 994 3327 438
1032 3284 1280 3340 Quinctilio.
1357 3286 1473 3339 (441
1508 3296 1577 3333 ter
1602 3296 1756 3346 ιιιῑοες
1784 3290 2030 3341 formatos.)
2103 3285 2208 3331 442
2237 3290 2404 3335 cedere

377 3349 544 3393 melles.
615 3348 717 3392 445
755 3350 1052 3407 reprehendit.
1123 3351 1224 3396 447
1263 3362 1479 3400 trever-so.
1563 3355 1663 3400 450
1703 3371 1785 3402 nee
1807 3358 1937 3402 dicet.
2027 3355 2126 3400 457
2166 3357 2401 3403 sublimes.

380 3414 481 3460 458
507 3418 588 3461 sie.
647 3414 749 3460 460
775 3419 866 3462 sint
882 3439 950 3450 —
968 3426 1137 3463 curent.
1197 3420 1294 3465 461
1324 3424 1362 3466 si
1387 3425 1488 3482 quis
1511 3432 1722 3470 curet—
1740 3426 1975 3472 dimittere.
2036 3422 2139 3469 462
2164 3426 2399 3471 deiecerit.
