2667 3809
372 275 469 325 110
1110 282 1447 325 mmmmm
1472 271 1549 334 11,
1580 275 1629 324 3.

502 442 721 481 aversus
744 425 1091 479 mercaturisz
1131 425 1332 479 delirus
1358 432 1415 478 et
1436 443 1619 479 amens

505 513 746 584 undique
769 512 980 565 dicatur
999 510 1211 565 merito.
1264 511 1360 581 qui
1383 511 1652 582 discrepat
1673 512 1811 577 istis,

502 599 596 671 qui
619 615 868 652 nummos
892 614 1193 666 aurumque
1214 597 1481 661 recondit,
1508 596 1725 650 nescius
1749 597 1832 651 uti

369 692 463 738 110
501 684 830 756 compositis,
858 690 1215 753 metnensque
1239 682 1392 736 velut
1414 683 1728 753 contingere
1753 685 2001 737 sacrum?

503 772 549 824 si
574 772 696 842 quis
719 770 790 824 ad
813 770 1092 839 ingentem
1114 768 1375 822 frumenti
1399 785 1609 838 semper
1632 786 1883 823 acervum

499 865 776 927 porrectus
800 855 992 925 vigilet
1014 871 1139 908 cum
1161 853 1331 924 longo
1353 855 1517 917 fuste,
1545 871 1722 924 neque
1746 854 1896 908 illinc

504 943 702 996 audeat
724 942 965 995 esuriens
989 940 1242 994 dominus
1267 939 1581 1009 contingere
1605 956 1850 1008 granum,

501 1045 563 1081 ac
588 1028 773 1098 potius
795 1027 941 1080 foliis
965 1043 1157 1097 parcus
1182 1033 1432 1080 vescatur
1453 1025 1680 1089 amaris;

373 1121 466 1166 115
506 1113 551 1166 si
575 1113 766 1184 positis
790 1114 939 1168 intus
966 1113 1088 1167 Chii
1111 1113 1416 1183 veterisque
1441 1112 1659 1165 Falerni

498 1199 647 1252 mille
671 1198 836 1264 cadis,
863 1199 1001 1253 nihil
1026 1206 1126 1264 est,
1152 1206 1458 1252 tercentum
1478 1197 1716 1263 milibus,
1745 1215 1864 1252 acre

500 1291 654 1355 potet
675 1292 914 1351 acetum;
955 1302 1074 1356 age,
1103 1285 1150 1338 si
1175 1293 1230 1339 et
1255 1285 1563 1338 stramentis
1587 1283 1812 1337 incubet
1834 1285 1980 1337 unde

501 1370 780 1441 octogiuta
802 1387 972 1424 annos
996 1378 1175 1435 natus,
1203 1371 1291 1424 cui
1317 1370 1561 1440 stragula
1583 1369 1767 1433 vestie,

500 1456 794 1510 blattarum
817 1474 877 1510 ac
902 1457 1171 1511 tinearum
1195 1457 1406 1527 epulae,
1434 1463 1711 1527 putrescat
1731 1457 1789 1509 in
1814 1472 1966 1509 arcaz

368 1549 462 1595 120
499 1542 752 1595 nimirum
775 1542 1000 1596 insanus
1023 1543 1207 1615 paucis
1231 1543 1498 1605 videatur,
1527 1560 1591 1595 eo
1616 1543 1763 1613 quod

497 1627 731 1681 maxima
753 1644 878 1697 pars
901 1629 1183 1682 hominum
1207 1628 1398 1682 morbo
1422 1628 1653 1683 iactatur
1677 1630 1887 1683 eodem.

499 1714 673 1767 Filius
699 1720 794 1766 aut
819 1714 979 1767 etiam
1003 1714 1135 1767 haec
1159 1714 1387 1768 libertus
1412 1723 1476 1768 ut
1499 1715 1683 1769 ebibat
1704 1716 1877 1781 heres,

498 1800 582 1854 dis
607 1799 823 1853 inimice
848 1815 1030 1863 senex,
1061 1799 1340 1852 custodis}²
1376 1817 1445 1852 ne
1469 1801 1570 1854 tibi
1596 1802 1772 1855 desit?

498 1880 824 1958 quantulum
848 1883 991 1937 enim
1016 1901 1255 1938 summae
1279 1886 1516 1940 curtabit
1539 1888 1768 1958 quisque
1789 1888 2017 1953 dierum,

369 1980 461 2026 125
500 1989 743 2042 unguere
768 1971 815 2024 si
838 1970 1019 2023 caules
1044 1970 1162 2023 oleo
1188 1970 1409 2025 meliore
1434 1984 1704 2043 caputque

500 2057 738 2129 coeperis
762 2057 977 2127 impexa
1000 2056 1218 2109 foedum
1241 2058 1555 2128 porrigine?
1590 2076 1773 2129 quare,

498 2145 544 2198 si
569 2143 784 2216 quidvis
808 2143 939 2196 satis
963 2150 1063 2207 est,
1091 2142 1351 2212 periuras,
1380 2144 1624 2214 surripis,
1653 2147 1830 2199 aufers

501 2230 780 2299 undique?
814 2228 932 2282 tun’
959 2231 1157 2282 sanus?
1190 2231 1455 2301 populum
1481 2232 1526 2283 si
1550 2231 1770 2285 caedere
1794 2232 1939 2286 saxis

498 2316 723 2386 incipias
749 2333 1013 2380 servosve,
1043 2322 1140 2368 tuo
1166 2333 1301 2386 quos
1325 2333 1449 2369 aere
1473 2318 1692 2386 pararis,

368 2409 463 2456 130
500 2403 750 2456 insanum
774 2408 830 2454 te
855 2418 1041 2454 omnes
1065 2402 1220 2471 pueri
1246 2402 1586 2472 clamentque
1610 2403 1851 2473 puellae:

497 2507 620 2543 cum
644 2489 836 2559 laqueo
861 2504 1085 2541 uxorem
1108 2486 1373 2540 interimis
1397 2495 1729 2559 matremque
1753 2506 1980 2554 veneno,

496 2574 754 2629 incolumi
779 2573 954 2644 capite
979 2574 1077 2627 es?
1112 2572 1247 2644 quid
1269 2573 1451 2626 enim?
1485 2590 1660 2644 neque
1685 2576 1874 2631 tuboe
1899 2575 2029 2629 facis
2055 2576 2238 2645 Argis,

493 2679 592 2716 nec
621 2662 764 2715 ferro
788 2667 853 2713 ut
875 2660 1096 2713 demens
1122 2659 1441 2729 genitricem
1466 2660 1665 2714 occidis
1694 2661 1932 2714 Orestes.

491 2765 560 2800 an
584 2755 647 2802 tu
670 2747 804 2800 reris
827 2764 954 2800 eum
977 2747 1154 2800 occisa
1177 2744 1442 2798 insanisse
1466 2753 1706 2815 parente,

362 2839 455 2886 135
493 2852 554 2887 ac
577 2851 689 2886 non
713 2840 839 2886 ante
862 2832 1020 2886 malis
1044 2833 1351 2886 dementem
1375 2837 1558 2884 actum
1584 2830 1782 2897 Furiis,
1813 2849 1974 2903 quam

494 2920 551 2973 in
575 2920 764 2973 matris
787 2918 981 2988 iugulo
1005 2918 1208 2972 ferrum
1231 2918 1489 2989 tepefecit
1512 2920 1771 2973 acutum?

494 3003 625 3073 quin
651 3020 718 3055 ex
743 3022 852 3075 quo
877 3010 961 3056 est
984 3004 1202 3058 habitus
1225 3004 1365 3058 male
1389 3012 1542 3059 tutae
1565 3004 1762 3058 mentis
1788 3005 2025 3069 Orestes,

493 3088 572 3142 nil
597 3106 724 3142 sane
748 3089 880 3143 fecit
904 3090 1052 3160 quod
1076 3098 1138 3143 tu
1160 3090 1555 3160 reprehendere
1578 3090 1783 3160 possis:

491 3192 602 3227 non
625 3175 867 3245 Pyladen
891 3177 1031 3230 ferro
1056 3176 1258 3230 violare
1281 3193 1515 3230 aususve
1541 3193 1779 3230 sororem
1805 3185 1887 3231 est

355 3265 449 3272 μ.

495 3301 588 3346 108
616 3305 733 3362 quid.
802 3305 919 3360 (117
948 3305 1121 3350 incubet
1144 3305 1279 3357 udis.)
1307 3348 1313 3352 ,
1349 3302 1442 3348 119
1469 3311 1682 3364 putescat.
1750 3303 1842 3350 127
1872 3307 2058 3364 peiuras.
2124 3302 2219 3347 129
2248 3319 2347 3350 ser-

352 3384 515 3429 vosque
539 3379 652 3427 tuos,
678 3387 803 3432 quos.
881 3372 974 3419 132
1003 3375 1085 3419 es?
1109 3373 1258 3432 quidni
1273 3375 1296 3417 ‘l'
1320 3387 1463 3433 neque
1488 3375 1569 3418 bec
1593 3381 1656 3419 tu.
1735 3373 1829 3419 133
1853 3375 2026 3419 occidit.
2104 3372 2198 3417 137
2227 3382 2344 3420 lutae

353 3439 489 3497 male3
521 3441 649 3493 (male
673 3445 846 3496 molae.)
926 3440 1021 3486 138
1059 3442 1341 3501 reprendere.
1419 3441 1512 3486 139
1549 3456 1741 3488 sororem
1769 3445 1999 3489 Electrum.
