2667 3809
385 261 481 314 162
1052 260 1056 265 ’
1109 267 1524 322 Errsromauu
1547 254 1597 319 Ι,
1631 256 1677 307 1.

423 420 483 464 15
522 429 633 483 quo
657 424 744 464 me
769 425 984 480 cunque
1007 408 1153 478 rapit
1174 414 1487 479 tempestas,
1522 406 1735 462 deferor
1757 407 1978 478 hospes.

517 514 664 552 nunc
688 494 847 565 agilis
872 493 943 547 fio
968 498 1025 547 et
1046 509 1253 549 mersor
1276 492 1528 546 civilibus
1553 492 1737 556 undis,

518 581 738 637 virtutis
762 596 922 634 verae
945 585 1128 632 custos
1151 576 1476 647 rigidusque
1500 575 1744 641 satelles;

523 683 670 722 nunc
695 666 755 720 in
778 663 1046 734 Aristippi
1068 662 1259 716 furtim
1282 667 1571 733 praecepta
1592 660 1823 726 relabor,

526 760 582 807 et
603 751 742 807 mihi
763 767 868 815 res,
896 766 1009 802 non
1033 765 1119 802 me
1143 747 1307 802 rebus
1332 746 1664 817 subiungere
1690 763 1874 801 conor.

423 846 487 892 20
524 845 590 892 ut
612 855 723 891 nox
746 836 916 905 longa
939 833 1138 904 quibus
1162 832 1427 886 mentitur
1450 832 1642 896 amica,
1670 832 1893 903 diesque

521 924 689 993 longa
712 921 930 976 videtur
954 934 1092 989 opus
1117 917 1462 982 debentibus,
1492 924 1555 971 ut
1579 917 1732 988 piger
1755 935 1930 972 annus

524 1006 768 1081 pupillis,
796 1023 936 1077 quos
961 1004 1098 1059 dura
1120 1002 1319 1074 premit
1344 1003 1593 1057 custodia
1616 1010 1881 1057 matrum:

529 1094 606 1148 sic
629 1092 768 1146 mihi
790 1090 947 1145 tarda
969 1088 1151 1142 fluunt
1173 1088 1498 1159 ingrataque
1521 1094 1785 1159 tempora,
1811 1105 1952 1160 quae
1973 1105 2127 1160 spem

527 1177 922 1248 consiliumque
944 1180 1227 1229 morantur
1251 1175 1451 1246 agendi
1476 1174 1725 1244 gnaviter
1749 1174 1806 1228 id
1830 1174 1980 1246 quod

422 1270 488 1316 25
526 1280 698 1335 aeque
721 1261 1051 1333 pauperibus
1074 1259 1314 1331 prodest,
1353 1259 1718 1330 locupletibus
1743 1278 1931 1331 aeque,

525 1365 696 1419 aeque
719 1347 1031 1418 neg-lectum
1056 1345 1240 1416 pueris
1265 1345 1597 1416 senibusque
1623 1344 1860 1399 nocebit.

523 1439 695 1487 restat
717 1440 782 1489 ut
804 1432 891 1485 his
916 1448 1019 1502 ego
1042 1449 1129 1485 me
1153 1432 1268 1503 ipse
1291 1448 1478 1501 regam
1502 1431 1752 1502 solerque
1777 1431 2079 1486 elementis.

524 1537 638 1572 non
662 1518 837 1588 possis
863 1517 1023 1570 oculo
1048 1523 1312 1587 quantum
1339 1515 1667 1570 contendere
1690 1517 1959 1587 Lynceus,

524 1621 637 1657 non
661 1611 843 1656 tamen
869 1601 1072 1657 idcirco
1096 1609 1411 1661 contemnas
1435 1600 1618 1671 lippus
1643 1601 1907 1672 inungui;

428 1697 490 1741 30
527 1706 647 1753 nec,
676 1687 807 1758 quia
830 1687 1083 1756 desperes
1108 1686 1298 1740 invicti
1323 1686 1564 1739 membra
1589 1684 1866 1757 GlyconiS,

530 1775 739 1828 nodosa
761 1790 957 1843 corpus
982 1771 1124 1825 nolis
1149 1771 1438 1841 prohibere
1463 1771 1740 1841 cheragra.

528 1867 612 1915 est
632 1857 868 1929 quadam
893 1856 1110 1927 prodire
1135 1861 1314 1920 tenua,
1345 1856 1391 1911 si
1415 1875 1525 1910 non
1552 1856 1711 1910 datur
1736 1857 1897 1910 ultra.

526 1947 702 2000 fervet
724 1942 952 1996 avaritia
974 1941 1278 2011 miseroque
1303 1942 1560 2013 cupidine
1588 1950 1808 2013 pectus=

531 2035 661 2084 sunt
682 2028 849 2082 verba
873 2034 928 2081 et
950 2042 1128 2091 voces,
1166 2026 1366 2097 quibus
1392 2027 1538 2080 hunc
1563 2027 1733 2082 lenire
1759 2027 2000 2081 dolorem

429 2124 493 2168 35
531 2114 706 2186 possis
731 2118 788 2165 et
810 2128 1064 2183 magnam
1086 2111 1264 2165 morbi
1289 2111 1561 2182 deponere
1585 2120 1812 2183 partem.

528 2199 709 2255 laudis
733 2215 915 2252 amore
936 2203 1150 2252 tumesx
1188 2203 1318 2251 sunt
1341 2205 1490 2251 certa
1510 2197 1727 2269 piacula
1751 2215 1888 2269 quae
1912 2205 1967 2252 te

526 2295 611 2341 ter
633 2300 767 2357 pure
791 2282 934 2336 lecto
957 2289 1219 2353 poterunt
1240 2300 1482 2337 recreare
1506 2283 1712 2338 libello.

527 2370 766 2435 invidus,
796 2367 1108 2433 iracundus,
1138 2369 1301 2434 iners,
1330 2369 1573 2433 vinosus,
1604 2376 1828 2433 amator,

528 2473 688 2511 nemo
712 2454 849 2508 adeo
874 2454 1022 2510 ferus
1047 2461 1147 2519 est,
1177 2460 1242 2507 ut
1263 2472 1376 2507 non
1401 2454 1680 2511 mitescere
1705 2455 1896 2526 possit,

427 2550 491 2594 40
528 2544 575 2597 si
598 2540 762 2596 modo
787 2539 1032 2593 culturae
1056 2538 1354 2609 patientem
1380 2540 1687 2594 commodet
1710 2558 1912 2595 aurem.

527 2628 717 2681 Virtus
742 2630 825 2678 est
848 2625 1043 2680 vitium
1064 2624 1259 2694 fugere
1284 2632 1340 2676 et
1364 2624 1629 2694 sapientia
1652 2624 1825 2696 prima

528 2709 764 2764 stultitia
788 2709 1043 2763 caruisse.
1080 2709 1251 2774 vides,
1281 2727 1419 2780 quae
1444 2710 1679 2767 maxima
1704 2711 1879 2766 credis

527 2812 644 2848 esse
668 2792 826 2858 mala,
863 2793 1125 2864 exiguum
1150 2812 1373 2849 censum
1398 2802 1722 2867 turpemque
1746 2796 2039 2868 repulsam,

530 2885 734 2950 quanto
760 2877 968 2933 devites
992 2879 1160 2934 animi
1185 2882 1488 2952 capitisque
1515 2882 1720 2937 labore.

392 2992 449 3004 ᾤ-

530 3059 566 3102 1.
608 3055 669 3100 16
706 3069 878 3101 versor.
976 3055 1062 3110 (19
1099 3072 1215 3104 nunc
1240 3062 1344 3111 me.)
1453 3059 1513 3104 19
1551 3061 1834 3119 submittere3
1861 3062 2105 3120 subiicere;
2134 3078 2400 3125 supponere.

390 3123 454 3169 21
492 3126 630 3170 lenta.
703 3121 767 3166 24
805 3124 989 3171 naviter.
1063 3123 1127 3169 25
1165 3127 1456 3186 locupletibus
1481 3136 1629 3189 atque.
1701 3127 1767 3174 28
1803 3131 1983 3187 oculos3
2010 3132 2211 3188 oculum3
2238 3133 2400 3179 oculiS.

391 3190 456 3238 30
492 3193 687 3239 Milonis.
761 3189 821 3235 31
851 3191 1071 3251 chiragra.
1146 3192 1207 3238 32
1235 3196 1477 3254 quoddam3
1505 3198 1705 3256 quodam.
1781 3197 1845 3244 39
1872 3200 1948 3259 qui
1971 3213 2076 3245 non.
2148 3199 2213 3245 44
2239 3202 2400 3247 animo.

387 3258 456 3304 44
495 3262 737 3319 capitisque
761 3258 943 3316 dolore3
975 3262 1216 3321 capitisque
1239 3264 1424 3322 periclo.

507 3329 561 3373 11.
603 3325 664 3372 19
700 3326 971 3373 submittere.
1077 3326 1141 3374 25
1179 3330 1474 3390 locupletibus
1498 3341 1645 3392 atque.
1752 3332 1817 3378 27
1855 3343 1905 3381 ut
1930 3337 1983 3382 is.
2102 3334 2167 3381 28
2205 3338 2396 3396 Lyceus.

389 3393 454 3439 29
492 3397 662 3456 inungi.
734 3392 795 3441 31
836 3395 1088 3456 nodosaque
1114 3419 1183 3430 -
1207 3398 1428 3457 chiragra.
1504 3398 1566 3444 32
1605 3410 1648 3446 et
1675 3403 1908 3460 quoddam.
1979 3403 2046 3448 44
2085 3406 2254 3451 divites.
