2667 3809
396 268 494 319 158
1141 277 1475 318 SA'HRARUM
1500 265 1576 328 ΙΙ,
1608 266 1657 316 8.

534 418 681 490 quod
705 418 811 472 sibi
833 419 1077 489 poscenti
1100 436 1210 472 non
1235 418 1434 472 dantur
1456 410 1668 489 poeula,
1698 419 1935 490 dumque

505 536 508 541 ·
530 504 737 560 ridetur
759 500 897 558 fietis
921 522 1117 571 rerum,
1148 504 1437 558 Balatrone
1463 504 1719 569 seeundn,

530 591 584 645 N
585 591 840 657 asidiene,
868 592 1011 645 redis
1034 597 1272 645 mutatae
1295 591 1509 655 frontis,
1537 598 1601 644 ut
1623 599 1736 644 arte

431 683 494 728 85
531 677 912 733 emendaturus
938 677 1226 731 fortunam.
1278 677 1475 731 deinde
1498 678 1693 730 secuti'

530 779 844 816 mazonomo
869 763 1024 834 pueri
1047 780 1244 833 magno
1266 763 1537 833 discerpta
1559 764 1793 818 ferentes

530 840 942 919 membra‘gruis
967 850 1137 920 sparsi
1160 850 1270 902 sale
1294 850 1467 903 multo
1491 867 1601 903 non
1627 851 1742 903 sine
1765 851 1921 915 farre,
1981 870 1986 876 ·

531 936 825 1005 pinguibus
851 942 904 988 et
927 935 1042 988 ficis
1066 943 1278 1005 pastum
1303 936 1452 990 ieeur
1476 937 1690 991 anseris.
1703 936 1872 1002 albae,

531 1029 586 1075 et
608 1022 854 1092 leporum
879 1017 1111 1085 av3ulsos,
1140 1029 1205 1075 ut
1225 1022 1400 1079 multo
1425 1023 1662 1087 suavius,
1690 1040 1883 1087 armos,

428 1111 493 1156 90
530 1122 692 1175 quam
716 1106 763 1159 si
785 1124 907 1166 oum
932 1107 1130 1160 lumbis
1153 1109 1274 1178 quis
1299 1109 1431 1163 edit.
1474 1116 1593 1163 tum
1616 1116 1834 1180 pectore
1858 1109 2049 1162 adusto

526 1192 762 1246 vidimus
787 1200 843 1246 et
864 1194 1095 1247 merulas
1118 1195 1249 1265 poni
1273 1201 1329 1249 et
1352 1196 1468 1249 sine
1492 1196 1650 1249 elune
1673 1194 1970 1264 palumbes,

529 1297 719 1333 suaves
743 1297 846 1345 res,
875 1281 922 1333 si
945 1297 1055 1333 non
1080 1297 1266 1334 causas
1290 1287 1532 1334 narraret
1555 1297 1737 1334 earum
1761 1288 1817 1334 et

527 1373 747 1420 naturas
771 1366 1039 1432 dominus,
1070 1383 1228 1436 quem
1253 1384 1353 1420 nos
1378 1367 1454 1420 sie
1478 1366 1718 1436 fugimus
1742 1364 1863 1430 ulti,

528 1459 592 1506 ut
614 1452 752 1507 nihil
775 1455 994 1507 omnino
1018 1459 1376 1523 gustaremus,
1406 1452 1555 1507 velut
1579 1452 1688 1506 illis

426 1544 489 1590 95
529 1539 755 1593 Canidia
779 1538 1029 1604 afflasset,
1057 1539 1208 1611 peior
1233 1539 1571 1610 serpentibus
1591 1538 1810 1592 Afris.“

530 1718 591 1763 82
629 1721 803 1765 dentur.
877 1717 939 1764 86
977 1720 1188 1776 discreta3
1216 1719 1440 1778 discripta.
1515 1717 1578 1762 88
1614 1721 1785 1764 suaeuis
1808 1718 1912 1763 albi.
1988 1715 2050 1761 89
2087 1716 2250 1776 leporis
2274 1715 2377 1760 vul-

386 1802 479 1833 sos.
552 1787 615 1832 90
653 1791 753 1848 quis
772 1790 885 1849 edat.
959 1787 1019 1832 91
1059 1789 1312 1848 palumbos3
1340 1788 1577 1834 columbas.
1649 1786 1735 1841 (94
1771 1787 1888 1833 velut
1912 1789 1987 1839 si.)
2061 1783 2124 1832 95
2161 1787 2286 1830 atris.
