2667 3809
374 275 476 325 286

380 600 477 646 255

381 1027 480 1073 260

382 1452 480 1498 265

385 1880 483 1925 270

385 2307 483 2352 275

386 2734 483 2781 280

389 3208 487 3253 272

388 3359 459 3389 ne.

1097 278 1511 319 nusi-omnum
1536 265 1646 318 ΙΙΙ.

513 440 712 477 nomen
735 420 977 485 iambeiS,
1007 436 1130 473 cum
1154 436 1314 473 senos
1334 419 1590 472 redderet
1611 418 1772 482 ictus,

513 509 720 579 primus
745 508 816 561 ad
839 515 1141 561 extremum
1166 505 1359 558 similis
1383 504 1517 568 sibi3
1558 522 1670 557 non
1694 504 1773 558 ita
1795 504 2025 574 pridem,

513 593 721 647 tardior
744 600 808 646 ut
830 591 1014 663 paullo
1039 591 1361 661 graviorque
1388 591 1597 643 veniret
1620 590 1691 643 ad
1714 607 1891 656 aures,

515 678 785 750 spondeos
810 677 1032 732 stabiles
1055 677 1114 731 in
1137 677 1256 731 iura
1279 683 1505 746 paterna
1528 675 1734 744 recepit

517 764 834 818 commodus
859 770 915 816 et
937 762 1167 834 patiens,
1196 779 1308 816 non
1333 769 1398 815 ut
1421 762 1489 815 de
1513 761 1640 814 sede
1666 761 1906 815 secunda

517 850 734 904 cederet
757 857 853 902 aut
876 857 1071 918 quarta
1093 848 1385 901 socialiter.
1425 847 1513 900 hic
1539 855 1595 899 et
1618 848 1675 900 in
1699 847 1835 900 Acci
1855 897 1860 902 .

516 934 792 988 nobilibus
817 934 1076 987 trimetris
1107 940 1332 1003 apparet
1354 950 1507 986 rarus
1532 941 1589 986 et
1610 932 1762 985 Enni

519 1021 574 1073 in
601 1037 816 1074 scenam
840 1019 1033 1073 missos
1057 1036 1181 1072 cum
1205 1035 1405 1087 magno
1430 1017 1670 1087 pondere
1693 1035 1881 1072 versus

517 1114 614 1160 aut
637 1123 831 1177 operae
855 1104 1044 1159 celeris
1068 1104 1298 1158 nimium
1324 1120 1561 1173 curaque
1585 1104 1818 1157 carentis

517 1201 614 1245 aut
637 1192 918 1262 ignoratae
942 1190 1139 1260 premit
1160 1189 1294 1243 artis
1317 1189 1542 1242 crimine
1566 1189 1734 1259 turpi.

516 1276 644 1330 Non
669 1275 853 1346 quivis
874 1274 1025 1328 videt
1047 1274 1405 1329 immodulata
1425 1283 1675 1346 poemata
1697 1274 1882 1341 iudex,

520 1369 576 1415 et
599 1362 727 1415 data
748 1360 1011 1413 Romanis
1037 1361 1196 1415 venia
1217 1368 1307 1415 est
1324 1361 1553 1431 indigna
1575 1361 1771 1431 poetis.

518 1446 789 1500 idcircone
816 1463 979 1516 vager
1004 1446 1344 1517 scribamque
1366 1446 1630 1502 licenter?
1667 1463 1735 1498 an
1761 1462 1947 1501 omnes

518 1533 728 1586 visuros
752 1540 975 1604 peccata
997 1543 1183 1603 putem
1210 1549 1347 1596 mea,
1377 1539 1532 1585 tutus
1557 1541 1613 1585 et
1636 1532 1779 1586 intra

518 1636 668 1688 spem
693 1618 882 1673 veniae
908 1618 1140 1671 cautus?
1173 1617 1343 1672 vitavi
1367 1617 1603 1688 denique
1629 1618 1860 1688 culpam,

518 1722 628 1757 non
654 1704 872 1759 laudem
897 1705 1090 1758 merui.
1129 1721 1225 1758 vos
1251 1703 1580 1773 exemplaria
1605 1703 1811 1758 Graeca

519 1798 787 1843 nocturna
810 1797 1020 1843 versate
1045 1790 1158 1853 diu,
1187 1797 1398 1842 versate
1425 1788 1638 1842 diurna.

520 1881 578 1926 at
601 1874 767 1927 vestri
791 1874 978 1943 proavi
1001 1873 1285 1927 Plautinos
1313 1882 1369 1927 et
1392 1891 1646 1928 numeros
1672 1881 1727 1926 et

521 1959 809 2012 laudavere
834 1957 1001 2023 sales;
1040 1958 1267 2012 nimium
1296 1960 1567 2030 patienter
1591 1966 1900 2029 utrumque,

522 2062 601 2101 ne.
617 2044 792 2097 dicam
818 2043 1005 2109 stulte,
1033 2044 1232 2108 mirati,
1260 2045 1307 2098 si
1330 2045 1495 2098 modo
1520 2062 1623 2115 ego
1649 2053 1706 2099 et
1728 2063 1825 2100 vos

523 2129 721 2182 scimus
746 2129 1074 2183 inurbanum
1099 2130 1280 2200 lepido
1307 2147 1567 2199 seponere
1592 2131 1740 2185 dicto

522 2215 935 2285 legitimumque
959 2232 1152 2268 sonum
1176 2215 1367 2286 digitis
1391 2215 1647 2269 callemus
1671 2224 1727 2269 et
1749 2234 1896 2270 aure.

520 2300 779 2370 Ignotum
805 2301 1041 2371 tragicae
1067 2317 1241 2372 genus
1266 2302 1538 2355 invenisse
1561 2302 1825 2355 Camenae

523 2387 722 2440 dicitur
746 2396 802 2441 et
825 2387 1046 2457 plostris
1070 2388 1281 2442 vexisse
1310 2396 1562 2458 poemata
1582 2388 1827 2458 ThespiS,

520 2490 657 2544 quae
683 2481 940 2528 canerent
962 2482 1294 2544 agerentque
1317 2474 1569 2543 peruncti
1591 2474 1833 2528 faecibus
1858 2491 1969 2527 ora.

516 2566 643 2629 post
665 2559 812 2613 hunc
836 2576 1098 2629 personae
1119 2558 1406 2629 pallaeque
1430 2567 1674 2629 repertor
1696 2560 1957 2614 honestae

520 2644 822 2715 Aeschylus
848 2651 904 2698 et
924 2644 1155 2697 modicis
1178 2644 1404 2697 intravit
1427 2644 1640 2715 pulpita
1664 2644 1833 2714 tignis

521 2736 577 2783 et
602 2728 791 2783 docuit
812 2746 1178 2800 magnumque
1202 2729 1357 2801 loqui
1382 2730 1594 2800 nitique
1618 2731 1905 2784 cothurno.

522 2815 783 2869 successit
806 2822 963 2870 vetus
985 2815 1072 2869 his
1095 2816 1393 2881 comoedia,
1423 2833 1534 2869 non
1559 2815 1675 2869 sine
1699 2815 1874 2869 multa

521 2899 711 2965 laude;
752 2901 849 2955 sed
871 2900 930 2954 in
954 2900 1148 2955 vitium
1171 2899 1394 2955 libertas
1418 2901 1623 2955 excidit
1643 2908 1702 2955 et
1724 2900 1833 2954 vim

520 3077 574 3120 Α.
615 3073 714 3119 256
752 3077 978 3133 spondios.
1049 3074 1146 3121 257
1181 3087 1358 3124 utnon.
1433 3077 1531 3124 258
1556 3080 1664 3126 Aai.
1737 3076 1849 3124 260·
1874 3093 2031 3137 magno
2055 3092 2152 3124 cun
2176 3079 2395 3136 pondere.

389 3140 484 3186 261
524 3145 698 3189 nimium
725 3144 901 3188 celeris.
972 3143 1071 3188 264
1109 3159 1190 3190 nec
1214 3147 1329 3191 data.
1404 3146 1501 3192 265
1528 3156 1599 3206 ⁸²3
1626 3156 1700 3203 ut3
1727 3155 1771 3193 et
1794 3161 1960 3193 omnes.
2036 3144 2134 3191 270
2160 3154 2206 3192 at
2232 3149 2395 3193 nostri.

526 3225 610 3256 non
635 3211 789 3254 dicam.
862 3207 960 3255 276
997 3212 1221 3269 plausu-in.
1296 3213 1415 3268 (277
1454 3218 1566 3274 qni.)
1641 3214 1741 3260 280
1776 3216 1968 3261 edocuit.

526 3280 577 3322 B.
616 3275 714 3321 255
752 3277 898 3335 paulo.
970 3278 1069 3323 260
1105 3294 1262 3338 magno
1285 3297 1382 3328 cum
1407 3286 1615 3342 pondere.
1688 3281 1783 3328 261
1814 3285 2014 3330 sceleris.
2088 3281 2186 3328 265
2226 3285 2396 3329 idcirco

533 3343 627 3388 271
668 3352 905 3403 utrunque.
977 3345 1075 3389 274
1114 3348 1470 3412 legitimumque.
1557 3350 1654 3397 275
1693 3354 1871 3399 treione.
1946 3349 2044 3396 276
2083 3348 2299 3410 planstris
2322 3374 2396 3384 —

389 3415 540 3471 cespis.
613 3411 712 3457 280
750 3421 948 3457 coturno.
1022 3412 1117 3457 281
1159 3416 1259 3462 hiis.
