2667 3809
370 289 472 340 278
1097 296 1509 340 Emeromuu
1534 285 1643 338 111.

508 455 608 492 nec
631 437 859 492 verbum
883 437 1048 491 verbo
1074 437 1288 492 curabis
1309 436 1536 491 reddere
1560 436 1703 491 fidus

507 524 792 592 interpres,
822 540 922 575 nec
947 521 1164 576 desilies
1189 522 1430 594 imitator
1453 523 1510 576 in
1535 530 1733 586 artum,

375 614 470 659 135
510 608 655 661 unde
679 608 871 677 pedem
896 608 1135 676 proferre
1159 608 1336 678 pudor
1358 615 1508 662 vetet
1530 616 1626 662 aut
1650 608 1827 678 operis
1851 608 1962 662 lex.

508 711 606 748 nec
632 693 708 747 sic
732 692 978 763 incipies,
1007 700 1071 746 ut
1094 693 1324 764 scriptor
1348 693 1583 763 cyclicus
1607 693 1769 747 olim=
1831 733 1836 738 .

510 779 824 844 „fortunam
848 778 1051 831 Priami
1075 779 1306 832 cantabo
1331 787 1387 831 et
1411 778 1595 832 nobile
1620 778 1891 832 bellum.“

508 863 640 934 quid
665 863 894 932 dignum
919 871 1073 916 tanto
1096 864 1235 917 feret
1266 863 1355 916 hic
1379 863 1673 932 promissor
1697 863 1851 917 hiatu
1866 863 1892 916 ‘z'

508 949 821 1017 parturiunt
842 955 1072 1013 monte&
1100 956 1354 1002 nascetur
1376 947 1640 1001 ridiculus
1662 963 1805 1000 mus.

375 1040 470 1085 140
510 1040 713 1104 quanto
737 1033 938 1088 rectius
962 1034 1069 1097 hic,
1104 1033 1198 1104 qui
1223 1033 1301 1085 nil
1325 1032 1549 1088 molitur
1572 1033 1786 1102 ineptez

509 1111 647 1183 „dic
666 1118 818 1183 mihi,
848 1119 1029 1183 Musa,
1057 1118 1251 1182 virum,
1281 1126 1471 1187 captae
1494 1124 1620 1187 post
1642 1124 1888 1186 tempora
1909 1116 2104 1171 Troiae

507 1203 602 1273 qui
626 1221 803 1259 mores
827 1204 1108 1267 hominum
1133 1202 1431 1256 multorum
1457 1202 1597 1256 vidit
1621 1208 1677 1255 et
1698 1201 1927 1254 urbes.“

506 1305 618 1341 non
641 1289 853 1343 fumum
877 1308 947 1343 ex
970 1290 1202 1359 fulgore,
1238 1288 1336 1341 sed
1360 1305 1429 1340 ex
1452 1287 1602 1341 fumo
1630 1286 1757 1339 dare
1781 1286 1957 1339 lucem

507 1372 729 1442 cogitat,
759 1381 823 1427 ut
846 1373 1089 1444 speciosa
1108 1373 1309 1426 dehinc
1333 1372 1595 1426 miracula
1617 1378 1849 1441 promat,

371 1463 466 1508 145
507 1458 847 1528 Antiphaten
873 1458 1216 1528 Scyllamque
1241 1465 1297 1511 et
1321 1475 1445 1511 cum
1472 1457 1727 1527 Cyclople
1752 1455 2097 1526 Charybdim

504 1559 604 1596 nec
629 1543 867 1596 reditum
890 1542 1174 1596 Diomedis
1200 1543 1268 1596 ab
1292 1542 1520 1598 interitu
1545 1542 1831 1612 Meleagri,

504 1644 603 1681 nec
630 1628 848 1698 gemino
872 1628 1078 1682 bellum
1100 1628 1396 1682 Troianum
1422 1626 1635 1681 orditur
1658 1629 1727 1681 ab
1752 1644 1883 1690 ovo3

503 1729 713 1784 semper
737 1713 807 1766 ad
831 1707 1086 1766 eventum
1110 1713 1333 1767 festinat
1357 1719 1414 1766 et
1437 1712 1495 1766 in
1520 1712 1724 1765 medias
1748 1729 1835 1765 res

502 1814 615 1849 non
641 1815 797 1851 secus
821 1814 882 1851 ac
909 1805 1064 1850 notas
1090 1799 1396 1852 auditorem
1420 1797 1562 1869 rapit
1586 1807 1643 1850 et
1667 1813 1804 1867 quae

371 1885 467 1931 150
505 1880 756 1949 desperat
779 1889 1008 1935 tractata
1032 1882 1296 1937 nitescere
1320 1900 1480 1954 posse
1503 1881 1795 1952 relinquit;

506 1970 671 2033 atque
695 1958 774 2019 ita
797 1967 1076 2032 mentitur,
1105 1967 1182 2020 sic
1206 1969 1348 2023 veris
1371 1968 1508 2022 falsa
1531 1967 1799 2028 remiscet‚

503 2049 679 2120 primo
704 2067 775 2103 ne
797 2051 1057 2116 medium,
1087 2052 1326 2106 medium
1351 2070 1422 2106 ne
1448 2051 1718 2120 discrepet
1739 2049 1927 2102 imum.

502 2133 603 2199 Tu,
634 2133 768 2204 quid
793 2153 895 2207 ego
920 2146 976 2189 et
999 2137 1234 2208 populus
1256 2154 1470 2192 mecum
1496 2135 1792 2199 desideret,
1822 2132 1984 2188 audit

501 2218 549 2273 si
571 2219 840 2290 plausoris
864 2239 992 2292 eges
1015 2222 1205 2276 aulaea
1228 2222 1501 2276 manentis
1526 2228 1584 2274 et
1607 2236 1780 2291 usque

368 2310 464 2355 155
501 2305 727 2370 sessuri,
757 2305 931 2361 donec
955 2314 1145 2362 cantor
1171 2326 1311 2373 „vos
1334 2306 1624 2378 plaudite“
1651 2303 1817 2368 dicat,

498 2391 693 2445 aetatis
720 2391 984 2462 cuiusque
1010 2393 1236 2447 notandi
1261 2399 1393 2447 sunt
1415 2391 1518 2446 tibi
1540 2406 1737 2454 mores,

498 2476 903 2548 mobilibusque
928 2477 1090 2532 decor
1111 2478 1329 2532 naturis
1347 2476 1561 2530 dandus
1587 2482 1644 2528 et
1666 2473 1843 2527 annis.

497 2561 724 2616 reddere
750 2562 846 2632 qui
871 2579 1030 2617 voces
1055 2563 1163 2617 iam
1187 2564 1294 2617 seit
1316 2579 1454 2632 puer
1477 2567 1535 2614 et
1556 2561 1696 2630 pede
1718 2566 1867 2613 certo

499 2645 682 2715 signat
704 2645 953 2712 humum,
981 2648 1149 2718 gestit
1170 2647 1395 2719 paribus
1420 2645 1694 2700 colludere
1718 2652 1776 2699 et
1798 2646 1934 2698 iram

365 2733 463 2781 160
501 2729 715 2800 colligit
737 2748 798 2785 ac
823 2733 983 2803 ponit
1007 2740 1208 2787 temere
1233 2743 1290 2786 et
1312 2738 1555 2786 mutatur
1578 2730 1636 2783 in
1661 2731 1846 2784 horas.

500 2813 776 2869 imberbus
799 2818 1011 2872 iuvenis
1035 2819 1254 2872 tandem
1280 2817 1507 2870 custode
1537 2823 1746 2869 remoto

497 3007 552 3052 A.
595 3005 690 3052 133
716 3009 851 3055 verbo
873 3010 1065 3056 verbum
1144 3009 1238 3056 135
1264 3012 1436 3057 referre
1458 3033 1527 3042 —
1550 3006 1855 3055 vetat.136
1880 3009 2068 3068 cyclius.
2144 3006 2239 3054 139
2264 3022 2380 3068 pu·-

359 3075 537 3121 teu-ient.
614 3074 706 3119 141
747 3085 846 3135 post
869 3081 1055 3124 moenia.
1132 3078 1226 3123 145
1264 3079 1541 3137 Antiphaten
1564 3099 1633 3109 —
1658 3077 1939 3136 Charybdim.
2029 3077 2126 3122 154
2165 3078 2375 3124 fauoris.

364 3141 459 3185 157
497 3143 871 3189 maturis.160
907 3147 1096 3204 concipit
1118 3155 1210 3191 tut.
1285 3146 1376 3190 161
1418 3146 1641 3191 imberbis.

498 3210 549 3254 B.
593 3207 686 3253 134
722 3214 926 3268 ynitntor
949 3214 994 3256 iu
1017 3221 1201 3259 aretum.
1276 3212 1373 3258 136
1410 3215 1617 3259 ciclicus.
1693 3212 1788 3257 137
1826 3214 2002 3259 mobile.
2076 3211 2175 3257 138
2210 3213 2372 3272 hyatu.

363 3274 459 3319 139
488 3278 750 3322 Parturient.
827 3276 919 3321 141
950 3286 1116 3337 troyae.
1194 3279 1288 3325 143
1314 3282 1516 3340 vulgore.
1595 3280 1691 3325 145
1716 3281 1990 3340 Antiphaten
2018 3281 2273 3339 scillamque
2297 3303 2373 3314 —

359 3342 528 3401 ciclope
551 3345 723 3402 caripti.
802 3343 898 3389 146
935 3346 1171 3403 dyomedis.
1262 3347 1356 3393 147
1394 3357 1642 3408 troyanun.
1730 3347 1827 3393 152
1865 3363 2024 3408 ymon.
2114 3348 2209 3394 153
2246 3350 2374 3394 desi·

359 3410 502 3455 derat.
578 3409 675 3455 160
713 3411 892 3470 Colligit
914 3420 973 3458 et.
1049 3411 1140 3457 161
1183 3415 1409 3462 Iubet-bis.
