2667 3809
382 271 484 323 240
1088 283 1497 327 Emsronuum
1518 269 1598 335 11,
1631 273 1680 324 1.

522 422 812 493 paullatim
832 421 976 477 vello
1002 427 1059 476 et
1081 421 1241 476 demo
1266 439 1457 487 unum,
1484 422 1646 477 demo
1670 429 1727 478 et
1748 423 1882 479 item
1908 441 2095 490 unum,

518 508 649 562 dum
676 507 836 561 cadat
855 506 1045 561 elusus
1066 507 1277 562 ratione
1300 508 1511 563 ruentis
1535 508 1730 575 acervi,

519 594 615 665 qui
638 593 783 649 redit
805 592 865 645 in
888 592 1058 646 fastos
1077 599 1137 645 et
1158 592 1417 647 virtutem
1441 594 1692 649 aestimat
1715 595 1873 651 annia

518 679 854 750 miraturque
877 678 1034 743 nihil,
1064 677 1170 732 nisi
1194 678 1346 748 quod
1366 678 1612 733 Libitina
1634 680 1884 733 sacravit.

419 770 482 816 50
520 764 736 819 Ennius
761 770 817 817 et
839 763 1056 833 sapiens
1081 769 1136 817 et
1160 763 1315 818 fortis
1341 771 1398 817 et
1418 764 1556 819 alter
1580 764 1873 829 Homerus,

521 856 585 903 ut
608 850 782 905 critici
807 850 1015 915 dicunt,
1045 849 1236 904 leviter
1262 866 1451 903 curare
1474 849 1692 904 videtur

521 952 630 1005 quo
655 935 920 1005 promissa
948 936 1146 989 cadant
1170 941 1227 988 et
1249 935 1462 989 somnia
1484 934 1847 1005 Pythagorea.

518 1020 761 1075 Naevius
785 1020 842 1073 in
868 1021 1119 1075 manibus
1144 1040 1255 1077 non
1279 1030 1364 1077 eet
1387 1029 1444 1077 et
1466 1020 1742 1077 mentibus
1764 1019 1954 1075 haeret

518 1121 690 1175 paene
713 1107 939 1159 recens?
973 1107 1114 1161 adeo
1139 1115 1389 1163 sanctum
1413 1114 1498 1161 eet
1519 1112 1679 1162 vetus
1703 1121 1864 1158 omne
1887 1122 2098 1175 poema.

417 1198 480 1242 55
518 1189 814 1259 ambigitur
837 1192 1052 1260 quoties
1080 1201 1201 1248 uter
1224 1200 1350 1247 utro
1375 1192 1448 1246 eit
1471 1191 1636 1262 prior,
1665 1190 1845 1245 aufert

517 1276 788 1330 Pacuvius
811 1277 960 1331 docti
982 1277 1179 1333 famam
1204 1279 1368 1343 senia,
1397 1278 1598 1331 Accius
1616 1276 1747 1341 alti5

519 1361 720 1415 dicitur
742 1361 938 1416 Afrani
960 1370 1092 1433 toga
1115 1364 1432 1419 convenisse
1456 1362 1780 1426 Menandro,

517 1447 748 1500 Plautus
771 1447 844 1500 ad
867 1449 1140 1519 exemplar
1170 1448 1341 1522 Siculi
1370 1464 1658 1518 properare
1682 1445 2015 1517 Epicharmi,

515 1532 730 1586 vincere
755 1533 1025 1587 Caecilius
1049 1534 1334 1603 gravitate,
1363 1532 1648 1586 Terentius
1671 1539 1805 1587 art'e

416 1623 479 1669 60
517 1617 619 1670 hos
644 1617 839 1673 ediscit
861 1624 918 1671 et
939 1618 1041 1672 hoe
1065 1626 1182 1672 arto
1207 1619 1409 1689 stipata
1430 1618 1645 1672 theatro

515 1709 725 1772 spectat
746 1702 926 1756 Roma
947 1709 1171 1773 potene;
1211 1703 1380 1756 habet
1403 1703 1504 1755 hoe
1528 1709 1885 1772 numeratque
1909 1709 2098 1772 poetae

516 1787 586 1840 ad
610 1793 857 1840 nostrum
882 1795 1098 1858 tempus
1122 1788 1246 1843 Livi
1276 1788 1557 1858 scriptoris
1581 1787 1650 1841 ab
1673 1804 1826 1841 aevo.

512 1872 800 1927 Interdum
825 1872 1023 1942 vulgus
1047 1879 1257 1926 rectum
1280 1873 1448 1938 videt,
1474 1880 1562 1926 eet
1586 1871 1682 1925 ubi
1706 1878 1911 1942 peccat.

515 1957 562 2011 ei
588 1963 796 2011 veteres
819 1957 898 2011 ita
918 1958 1148 2012 miratur
1170 1957 1466 2027 laudatque
1492 1964 1698 2029 poetae,

413 2050 476 2094 65
514 2049 579 2096 ut
602 2041 739 2096 nihil
765 2043 1049 2109 anteferat,
1076 2043 1217 2097 nihil
1238 2043 1348 2097 illis
1373 2050 1678 2113 comparetz
1718 2051 1878 2097 errat.

513 2128 561 2182 si
584 2128 851 2198 quaedam
875 2128 1037 2183 nimis
1061 2129 1303 2200 antique,
1339 2130 1387 2182 si
1411 2129 1670 2200 pleraque
1692 2130 1828 2185 dure

514 2213 694 2268 dicere
716 2213 889 2269 credit
909 2231 1023 2279 eoa,
1051 2214 1249 2285 ignave
1273 2214 1448 2271 multa
1469 2214 1704 2270 fatetur-2

516 2304 573 2351 et
595 2298 737 2370 sapit
762 2306 817 2352 et
839 2316 1050 2353 mecum
1074 2300 1205 2355 facit
1226 2307 1283 2354 et
1305 2299 1439 2354 Iove
1463 2300 1671 2355 iudicat
1693 2318 1887 2373 aequo.

513 2385 640 2441 Non
665 2383 919 2455 equidem
943 2385 1180 2439 insector
1203 2384 1545 2455 delendaque
1571 2386 1808 2440 carmina
1829 2385 1953 2440 Livi

414 2477 439 2520 7
447 2476 475 2522 0
514 2487 631 2524 esse
654 2486 795 2535 reor,
823 2470 1046 2524 memini
1070 2486 1208 2540 quae
1231 2469 1518 2540 plagosum
1544 2470 1681 2525 mihi
1704 2487 1871 2542 parvo

507 2555 779 2611 Orbilium
802 2555 1036 2620 dictare3
1074 2556 1172 2610 sed
1195 2555 1483 2610 emendata
1505 2555 1681 2611 videri

511 2640 845 2712 pulchraque
870 2647 928 2695 et
949 2641 1153 2695 exactis
1176 2641 1464 2697 minimum
1486 2640 1751 2695 distantia
1770 2641 1956 2695 miror.

510 2724 653 2779 inter
677 2743 817 2796 quae
843 2726 1067 2783 verbum
1089 2726 1315 2781 emicuit
1339 2727 1387 2780 si
1409 2726 1550 2781 forte
1574 2726 1830 2780 decorum
1855 2732 1912 2779 et

509 2810 556 2864 ai
580 2827 769 2865 versus
792 2811 977 2881 paullo
1002 2811 1317 2867 concinnior
1341 2829 1484 2867 unus
1506 2818 1563 2867 et
1585 2810 1753 2865 alter:

408 2901 469 2946 75
508 2894 709 2951 iniuate
734 2902 912 2951 totum
936 2897 1090 2951 ducit
1113 2897 1410 2968 venditque
1435 2913 1646 2968 poema.

509 3071 544 3114 Ι.
582 3069 648 3114 46
677 3072 849 3128 itidem3
873 3075 1027 3130 etin-¹3
1052 3076 1223 3120 iterun.
1296 3074 1364 3120 48
1391 3075 1449 3120 nd
1471 3075 1633 3131 sueton
1660 3074 1818 3120 santus.
1891 3071 1955 3118 53
1981 3083 2052 3120 eet
2072 3081 2137 3121 ut.
2209 3073 2274 3119 56
2299 3075 2382 3119 At-

370 3140 484 3195 tiu83
509 3139 678 3185 Aetius.
786 3137 851 3184 62
887 3149 1079 3187 vesu-un
1104 3164 1165 3177 -
1191 3144 1322 3189 Livii.
1426 3142 1488 3189 67
1525 3143 1657 3189 cedit.
1754 3141 1818 3188 69
1856 3143 2093 3190 delendave
2122 3165 2182 3176 -—
2209 3143 2378 3200 Laevig

371 3207 521 3252 Naevi.
597 3203 659 3251 72
696 3208 887 3255 nimium.
965 3207 1045 3254 73.
1075 3208 1137 3254 74
1175 3211 1400 3268 docorum,
1424 3215 1462 3258 ai
1486 3224 1658 3258 versas.
1735 3212 1796 3256 75
1833 3214 2057 3271 venitque.

486 3275 541 3318 ΙΙ.
580 3271 647 3318 46
672 3275 879 3332 paulatim
906 3297 972 3308 —
997 3279 1122 3322 etiam
1148 3291 1296 3323 uuum.
1370 3279 1434 3323 47
1461 3280 1601 3325 cadet.
1678 3278 1744 3324 48
1770 3280 1825 3324 nd
1849 3280 2004 3325 fastos.
2068 3278 2131 3323 55
2158 3282 2374 3339 quotiens.

374 3339 437 3385 56
474 3342 644 3387 Actius.
718 3341 781 3386 57
818 3343 1003 3388 Affrani.
1077 3343 1137 3389 61
1179 3346 1345 3392 rhome.
1421 3346 1485 3393 63
1523 3352 1683 3406 peccat.
1757 3350 1904 3400 (versu
1931 3345 1995 3392 66
2021 3349 2224 3401 destitit.)
