2667 3809
311 263 409 315 190
1034 270 1452 316 Emsrommm
1476 261 1523 324 1,
1557 265 1606 313 7.

448 412 725 467 occultum
746 411 897 467 viem
922 412 1204 467 decurrere
1234 414 1401 484 pineis
1424 413 1495 468 ad
1518 414 1756 477 hamum,

351 507 413 551 75
453 516 608 553 mane
632 498 806 552 cliens
826 503 883 551 et
905 497 1013 551 iam
1039 505 1219 553 certus
1244 499 1488 563 conviva,
1517 498 1738 553 iubetur

448 602 576 638 rura
599 584 913 639 suburbana
934 584 1156 638 indictis
1180 600 1360 638 comes
1391 583 1470 637 ire
1493 584 1726 639 Latinis.

451 670 738 741 impositus
762 669 976 723 mannis
1000 686 1191 723 arvum
1215 668 1535 739 caelumque
1560 668 1822 724 Sabinum

452 773 562 809 non
586 762 764 809 cessat
786 754 1026 808 laudare.
1073 754 1225 808 videt
1246 754 1498 825 ridetque
1522 753 1828 824 Philippus,

453 846 510 893 et
532 840 638 894 sibi
661 840 793 895 dum
814 840 1077 910 requiem,
1106 840 1239 893 dum
1261 839 1404 892 risus
1429 840 1674 910 undique
1698 842 1928 910 quaerit,

353 932 415 977 80
454 926 584 979 dum
608 932 815 996 septem
841 925 1011 977 donat
1032 924 1296 989 sestertia,
1324 930 1519 979 mutua
1542 932 1749 995 septem

453 1010 743 1081 promittit,
771 1009 1065 1080 persuadet
1087 1008 1171 1062 uti
1192 1015 1462 1063 mercetur
1486 1009 1742 1081 agellum.

452 1101 743 1149 mercatur.
780 1112 852 1148 ne
874 1101 931 1149 te
955 1094 1138 1165 longis
1160 1093 1482 1164 ambagibus
1507 1095 1655 1148 ultra

455 1198 616 1252 quam
640 1181 772 1235 satis
797 1187 881 1235 est
903 1197 1099 1246 morer,
1128 1198 1197 1233 ex
1220 1180 1399 1234 nitido
1423 1179 1487 1233 fit
1508 1182 1746 1235 rusticus
1770 1189 1933 1253 atque

453 1266 632 1320 suloee
656 1273 714 1321 et
735 1267 921 1321 vineta
945 1272 1129 1337 crepat
1151 1278 1315 1331 mere,
1346 1274 1633 1336 praeperat
1655 1267 1851 1332 ulmos,

354 1359 416 1403 85
454 1353 761 1406 immoritur
785 1352 983 1406 studiis
1008 1359 1065 1407 et
1087 1369 1271 1407 amore
1293 1352 1529 1406 senescit
1552 1352 1808 1406 habendi.

453 1455 642 1492 verum
667 1438 763 1492 ubi
789 1455 917 1493 oves
940 1439 1109 1502 furto,
1135 1438 1326 1493 morbo
1352 1439 1562 1509 periere
1584 1438 1840 1508 capellae,

454 1541 605 1593 spem
627 1524 859 1578 mentita
882 1540 1056 1594 seges,
1084 1524 1185 1577 bos
1210 1531 1294 1578 est
1316 1530 1542 1578 enectus
1566 1522 1787 1587 arande,

456 1609 693 1663 offensus
718 1609 930 1663 damnis
953 1609 1133 1663 media
1156 1610 1225 1664 de
1253 1619 1414 1664 nocte
1438 1609 1707 1663 cabellum

456 1694 648 1764 arripit
670 1694 949 1765 iratusque
973 1694 1217 1765 Philippi
1238 1695 1418 1749 tendit
1440 1694 1512 1748 ad
1534 1694 1715 1748 aedes.

354 1785 417 1830 90
456 1796 619 1849 quem
642 1780 806 1833 simul
829 1780 1083 1849 adspexit
1106 1780 1356 1834 scabrum
1381 1781 1770 1851 intonsumque
1793 1780 2097 1852 Philippus,¹

456 1865 714 1929 „durus“
741 1865 819 1919 ait
844 1865 1092 1930 ‚,Vultei‚
1120 1866 1281 1919 nimis
1306 1871 1659 1936 attentusque
1683 1866 1882 1920 videris

454 1966 572 2002 esse
595 1948 796 2009 mihi.“
849 1950 995 2015 „Pol
1019 1968 1105 2007 me
1128 1952 1406 2015 miserum,
1444 1957 1689 2022 patrone,
1717 1968 1954 2016 vocares,

454 2035 502 2089 si
527 2034 739 2088 velles“
765 2035 948 2109 inquit
972 2055 1204 2102 „verum
1228 2036 1366 2090 mihi
1389 2053 1590 2107 ponere
1615 2053 1835 2091 nomen.

459 2119 608 2189 quod
630 2127 687 2173 te
712 2137 808 2190 per
832 2121 1055 2191 genium
1080 2121 1438 2193 dextramque
1462 2121 1702 2193 deosque
1726 2131 1950 2194 penates

353 2211 418 2257 95
456 2203 680 2259 obsecro
705 2211 763 2260 et
783 2206 1045 2273 obtestor,
1075 2207 1222 2263 vitae
1242 2225 1331 2261 me
1354 2207 1522 2261 redde
1546 2208 1742 2278 priori!
1766 2214 1803 2239 “

458 2291 571 2350 Qui
591 2291 761 2346 semel
785 2292 1055 2363 adspexit,
1085 2299 1354 2364 quantum
1379 2293 1603 2347 dimissa
1624 2295 1812 2365 petitis

453 2384 749 2446 praestent,
777 2384 988 2433 mature
1012 2380 1200 2433 redeat
1221 2385 1541 2450 repetatque
1563 2379 1772 2433 relicta.

455 2462 636 2516 metiri
660 2480 719 2517 se
744 2481 1016 2536 quemque
1039 2483 1140 2519 suo
1165 2464 1393 2518 modulo
1415 2482 1478 2518 ac
1502 2464 1641 2534 pede
1664 2481 1852 2518 verum
1879 2471 1981 2519 est.

456 2624 491 2668 1.
533 2624 594 2667 75
632 2627 788 2683 etiam3
816 2627 964 2679 (etiam
986 2629 1151 2679 serus.)
1228 2624 1289 2670 80
1329 2634 1446 2681 tuum
1476 2627 1614 2679 (iam.)
1692 2624 1753 2669 87
1788 2640 1912 2685 spes.
1985 2624 2048 2670 93
2076 2627 2222 2672 dicere
2245 2640 2329 2671 uo·

319 2705 431 2736 men.
506 2690 569 2735 96
607 2695 737 2739 simul
759 2716 828 2727 —
853 2696 1054 2740 demissa.
1131 2692 1196 2741 97
1232 2703 1471 2754 praestant.

435 2759 491 2803 11.
532 2760 594 2803 75
633 2764 776 2807 etiam.
855 2761 917 2807 89
955 2764 1117 2808 aedeis.
1191 2761 1254 2807 90
1291 2765 1505 2822 asspexit.
1576 2760 1640 2807 93
1671 2763 1817 2807 dicere
1842 2777 2011 2808 nomen.
2087 2759 2153 2807 94
2188 2776 2326 2822 pena-

319 2829 418 2872 teis.
492 2826 556 2872 96
595 2831 724 2876 simul
747 2834 958 2890 asspexit.
1930 2826 1939 2831 ²

411 2896 489 2940 ΙΙΙ.
531 2895 593 2940 74
625 2899 682 2942 ad
704 2913 860 2945 amum.
936 2901 996 2944 77
1024 2901 1260 2961 Inpositus.
1333 2898 1396 2944 90
1417 2902 1604 2959 aspexit.
1678 2898 1743 2945 93
1769 2915 1935 2959 ponere
1960 2901 2323 2959 (superscriptum

317 2971 365 3009 ut
388 2963 574 3017 dicere).
644 2964 708 3010 96
746 2971 932 3028 aspexit.
