2667 3809
412 251 509 301 138
1158 257 1497 317 summum
1520 245 1597 309 lI,
1629 247 1680 296 6.

550 401 598 455 si
622 417 848 454 veneror
872 399 1073 453 stultus
1096 399 1237 452 nihil
1260 399 1489 453 horum=
1538 416 1614 463 „o
1639 398 1687 452 si
1707 398 1943 469 angulus
1966 398 2061 452 ille

553 486 831 558 proximus
856 485 1092 550 accedat,
1123 485 1217 556 qui
1240 502 1388 538 nunc
1413 484 1696 538 denormat
1718 485 1986 555 agellum!

455 581 515 627 10
554 591 586 626 o
613 573 658 626 si
682 590 872 628 urnam
897 570 1110 642 argenti
1132 571 1244 624 fors
1270 588 1409 641 quae
1431 570 1567 624 mihi
1589 577 1872 636 monstret,
1902 577 1965 625 ut
1988 570 2087 637 illi,

553 660 809 713 thesauro
834 658 1056 710 invento
1081 656 1178 727 qui
1198 657 1560 710 mercenarius
1584 675 1774 728 agrum

553 744 708 799 illum
733 744 911 814 ipsum
935 750 1204 797 mercatus
1228 743 1418 808 aravit,
1448 743 1599 797 dives
1623 744 1796 797 amico

554 829 826 884 Hercule!
849 835 886 860 “
929 829 976 881 si
1002 829 1148 898 quod
1172 829 1327 883 adest
1350 835 1569 899 gratum
1592 829 1760 896 iuvat,
1789 830 1892 884 hac
1915 847 2071 901 prece
2094 837 2152 886 te
2175 848 2303 885 oro=

552 918 757 988 pingue
781 932 944 985 pecus
970 914 1190 968 domino
1214 915 1380 968 facias
1404 921 1461 968 et
1483 921 1661 968 cetera
1683 922 1897 985 praeter

457 1012 517 1056 15
553 1002 854 1073 ingenium,
885 1006 1055 1070 utque
1078 1000 1221 1054 soles
1244 1007 1426 1053 custos
1449 999 1584 1053 mihi
1607 1001 1877 1055 maximus
1900 1000 2076 1054 adsis!

553 1090 705 1159 Ergo
729 1087 826 1141 ubi
847 1104 934 1140 me
959 1087 1017 1139 in
1040 1092 1253 1139 montes
1278 1092 1334 1138 et
1356 1085 1415 1138 in
1431 1103 1615 1139 arcem
1639 1103 1707 1150 ex
1730 1087 1866 1140 urbe
1887 1087 2111 1152 removi,

490 1211 495 1214 ·
555 1175 688 1246 quid
712 1174 862 1244 prius
886 1173 1153 1228 illustrem
1178 1171 1357 1226 satiris
1381 1188 1644 1242 musaque
1668 1172 1946 1243 pedestri?

553 1277 653 1317 nec
675 1259 817 1313 m‘ala
839 1276 926 1312 me
950 1258 1174 1315 ambitio
1198 1257 1380 1329 perdit
1402 1275 1502 1310 nec
1525 1257 1813 1328 plumbeus
1837 1267 2019 1314 auster

554 1333 986 1416 auctumm‘isque
1010 1343 1207 1414 gravis,
1237 1343 1513 1397 Libitinae
1538 1351 1795 1414 quaestus
1818 1347 2060 1401 acerbae.

455 1438 519 1485 20
556 1431 831 1484 Matutine
854 1437 1025 1501 pater,
1055 1446 1150 1482 seu
1173 1429 1306 1482 Iane
1328 1429 1589 1483 libentius
1616 1430 1791 1495 audis,

551 1517 699 1575 unde
723 1505 971 1570 homines
994 1530 1219 1586 operum
1242 1515 1444 1586 primos
1470 1515 1719 1586 vitaeque
1747 1516 1958 1570 labores

553 1602 851 1656 instituunt
873 1630 943 1641 —
967 1601 1044 1654 sic
1069 1600 1153 1654 dis
1177 1601 1439 1671 placitum
1466 1631 1528 1642 —-
1556 1607 1619 1654 tu
1644 1602 1894 1656 carminis
1917 1610 2033 1659 esto

553 1688 898 1760 principium.
948 1687 1156 1741 Romae
1181 1703 1497 1756 sponsorem
1520 1704 1607 1741 me
1630 1687 1792 1759 rapis.
1846 1688 1991 1755 „eia‚

553 1791 623 1827 ne
647 1774 794 1844 prior
818 1772 995 1825 officio
1022 1772 1307 1843 quisquam
1329 1773 1673 1843 respondeat,
1705 1780 1905 1844 urge.“

450 1864 513 1911 25
555 1859 680 1913 Sive
704 1858 886 1929 aquilo
909 1856 1055 1913 radit
1076 1865 1263 1924 terras,
1292 1876 1389 1912 seu
1413 1859 1606 1912 bruma
1629 1859 1864 1914 nivalem

552 1945 808 1998 interiore
834 1944 977 1997 diem
1002 1963 1135 2016 gyro
1160 1945 1347 2010 trahit,
1375 1944 1454 1998 ire
1479 1961 1697 1998 necesse
1721 1952 1822 1999 est.

553 2030 841 2101 postmodo
867 2031 1012 2101 quod
1034 2031 1110 2084 mi
1135 2032 1295 2097 obsit,
1324 2032 1467 2085 clare
1491 2038 1806 2130 certumque
1830 2032 2013 2086 locuto

555 2115 914 2169 luctandum
898 2134 956 2169 ιιι
979 2117 1139 2170 turba
1155 2125 1218 2171 et
1239 2117 1529 2171 facienda
1514 2118 1713 2171 iniuria
1736 2119 1924 2173 tardis.

555 2201 734 2271 „quid
755 2201 855 2268 vis,
883 2202 1088 2268 insane,
1119 2210 1173 2257 et
1198 2221 1331 2275 quas
1355 2221 1441 2256 res
1467 2203 1583 2273 agis
1602 2204 1626 2257 P
1642 2209 1678 2237 “
1717 2205 1996 2275 improbus
2017 2211 2182 2273 urget

454 2293 518 2340 30
556 2287 708 2341 iratis
731 2288 997 2358 precibus,
1030 2296 1135 2354 „tu
1159 2289 1344 2360 pulses
1370 2306 1528 2342 omne
1554 2290 1702 2360 quod
1727 2291 1926 2356 obstat,

554 2374 625 2427 ad
647 2373 1019 2428 Maecenatem
1042 2374 1268 2428 memori
1290 2374 1339 2428 si
1363 2381 1545 2428 mente
1568 2382 1876 2431 recurras.“

551 2461 676 2514 Hoc
699 2461 852 2515 iuvat
877 2467 932 2514 et
953 2461 1103 2515 melli
1127 2468 1225 2526 est,
1254 2477 1366 2515 non
1390 2462 1641 2516 mentiar.
1691 2470 1749 2517 at
1774 2463 1934 2517 simul
1958 2469 2099 2516 atras

551 2553 775 2602 ventum
801 2553 884 2600 est
905 2546 1198 2617 Esquilias,
1228 2547 1406 2600 aliena
1426 2547 1650 2618 negotia
1675 2555 1892 2603 centum

553 2650 649 2703 per
673 2639 837 2703 caput
861 2638 916 2686 et
939 2633 1080 2686 circa
1103 2632 1307 2687 saliunt
1328 2634 1491 2687 latus.
1546 2642 1716 2699 „ante
1741 2635 2031 2689 secundam
2083 2656 2088 2663 ·
2124 2660 2129 2666 ·

455 2724 517 2771 35
554 2718 787 2772 Roscius
812 2719 1002 2772 orabat
1024 2718 1129 2772 sibi
1153 2719 1369 2773 adesses
1392 2720 1464 2774 ad
1486 2720 1683 2774 Puteal
1707 2727 1890 2776 cras.“
1915 2751 1985 2762 —

559 2804 670 2870 „de
693 2821 752 2857 re
777 2804 1049 2858 communi
1073 2804 1278 2858 scribae
1301 2822 1501 2875 magna
1523 2812 1687 2876 atque
1710 2824 1853 2863 nova
1874 2813 1931 2859 te

557 2889 785 2943 orabant
806 2890 970 2944 hodie
992 2891 1346 2956 meminisses,
1377 2891 1601 2957 Quinte,
1629 2892 1894 2946 reverti.“
1926 2922 1996 2933 —

558 2975 875 3047 „imprimat
896 2976 1000 3042 his,
1041 2994 1185 3043 cura,
1214 2977 1505 3031 Maecenas
1531 2977 1688 3048 signa
1709 2978 1990 3032 tabellis.“
2017 3008 2082 3018 —

557 3060 788 3114 dixerim
825 3062 1068 3132 espmar
1092 3092 1156 3103 —
1184 3062 1275 3128 „si
1298 3063 1399 3128 vis,
1429 3068 1628 3134 potes“
1653 3063 1809 3117 addit
1833 3069 1888 3117 et
1909 3063 2097 3116 instat.

557 3207 572 3257 (
582 3203 610 3249 8
651 3208 688 3252 si
713 3208 886 3261 venor.)
980 3205 1009 3250 9
1048 3198 1284 3266 deformat,
1311 3209 1538 3254 deformet.
1639 3208 1699 3254 10
1737 3224 1851 3269 qua3
1877 3223 2021 3269 quam.
2129 3205 2191 3253 13
2228 3207 2418 3268 siquid.

421 3273 481 3318 15
509 3274 612 3320 ιιιίΙιί
636 3284 800 3321 custos.
830 3297 835 3303 ·
872 3273 933 3318 21
965 3276 1125 3334 primos
1151 3291 1345 3335 operum.
1406 3275 1472 3321 24
1497 3292 1647 3336 urges.
1708 3276 1772 3322 27
1801 3272 1905 3339 quid
1927 3281 2011 3336 mi3
2038 3278 2154 3338 quod
2178 3285 2417 3324 nocent—

419 3342 627 3390 locutum.
731 3341 796 3388 29
833 3344 937 3404 quid
961 3345 1037 3389 tibi
1071 3345 1151 3393 vis.
1260 3343 1323 3390 30
1360 3347 1500 3393 iratus
1527 3369 1588 3381 —
1619 3348 1785 3406 pulsas.
1897 3345 1960 3391 32
1998 3361 2085 3393 uon
2110 3349 2321 3405 mentior-3
2361 3360 2421 3392 nc

418 3414 617 3458 mentiar.
1677 3410 1684 3429 ’
