2667 3809
367 267 469 318 248
1077 278 1491 320 nms'rouatm
1515 266 1593 330 11,
1629 270 1675 319 1.

371 426 394 468 1
408 424 467 470 75
504 417 674 488 gestit
696 417 842 470 enim
865 433 1150 471 nummum
1174 419 1232 472 in
1257 419 1467 473 loculos
1492 420 1795 485 demittere,
1832 426 1958 492 post
1982 421 2086 474 hoc

499 520 741 568 securus,
769 502 930 556 cadat
951 519 1022 556 an
1044 510 1196 557 recto
1220 511 1330 558 stet
1354 505 1541 561 fabula
1561 506 1695 560 talo.

504 589 683 648 Quem
705 589 841 642 tulit
864 589 934 642 ad
958 606 1175 642 scenam
1198 599 1427 644 ventoso
1452 592 1628 662 gloria
1648 608 1830 655 curru,

504 674 780 727 exanimat
802 674 985 727 lentus
1009 681 1299 745 spectator,
1329 678 1554 731 sedulus
1578 676 1752 731 inflat.

501 757 579 811 sic
603 757 739 823 leve,
765 759 846 812 sic
867 775 1095 830 parvum
1120 766 1220 826 est,
1247 762 1492 816 animum
1517 762 1668 833 quod
1691 761 1871 815 laudis
1895 776 2116 815 avarum

371 850 468 895 180
507 844 720 898 subruit
744 852 842 898 aut
864 844 1057 898 reficit.
1093 845 1271 899 valeat
1293 864 1383 900 res
1405 847 1631 911 ludicra,
1660 847 1709 901 si
1732 864 1819 900 me

503 928 684 999 palma
705 937 905 1000 negata
925 948 1185 996 macrum,
1215 932 1417 986 donata
1439 933 1655 987 reducit
1678 933 1942 1003 opimum.

502 1013 673 1085 Saepe
699 1015 862 1068 etiam
886 1016 1147 1070 audacem
1171 1017 1327 1086 fugat
1350 1018 1454 1071 hoc
1477 1024 1754 1088 terretque
1778 1023 2014 1087 poetam,

503 1099 651 1169 quod
674 1117 901 1154 numero
926 1101 1128 1172 plures,
1157 1102 1362 1156 virtute
1385 1110 1443 1156 et
1465 1104 1673 1157 honore
1697 1102 1954 1166 minores,

501 1184 711 1239 indocti
733 1186 1030 1258 stolidique
1055 1195 1114 1241 et
1135 1187 1449 1258 depugnare
1476 1189 1670 1258 parati,

365 1275 462 1320 185
501 1270 548 1323 si
573 1269 847 1325 discordet
870 1289 1054 1343 eques,
1088 1272 1270 1327 media
1293 1273 1437 1326 inter
1461 1273 1700 1326 carmina
1722 1279 1957 1343 poscunt

499 1361 598 1409 aut
619 1374 806 1410 ursum
829 1364 929 1413 aut
950 1358 1194 1428 pugiles3
1235 1357 1319 1411 his
1345 1374 1472 1410 nam
1494 1357 1780 1428 plebecula
1802 1358 2026 1428 gaudet.

496 1459 684 1496 verum
709 1443 909 1513 equitis
934 1461 1154 1515 quoque
1176 1444 1286 1496 iam
1309 1443 1567 1513 migravit
1593 1443 1663 1497 ab
1686 1460 1819 1497 aure
1842 1444 2097 1513 voluptas

500 1529 676 1582 omnis
699 1528 772 1581 ad
795 1529 1031 1582 incertos
1056 1529 1243 1582 oculos
1271 1536 1328 1582 et
1348 1529 1554 1599 gaudia
1576 1545 1734 1582 vana.

498 1618 757 1683 quattuor
781 1621 877 1667 aut
899 1615 1083 1685 plures
1106 1615 1297 1669 aulaea
1320 1621 1643 1684 premuntur
1666 1613 1726 1666 in
1749 1614 1930 1677 horas,

364 1702 460 1748 190
500 1697 631 1751 dum
654 1698 879 1769 fugiunt
903 1701 1150 1770 equitum
1174 1707 1386 1754 turmae
1413 1700 1770 1770 peditumque
1794 1707 2067 1764 catervam

495 1800 623 1837 mox
648 1784 885 1839 trahitur
908 1785 1160 1839 manibus
1183 1802 1378 1854 regum
1400 1785 1623 1839 fortuna
1642 1785 1881 1851 retortis,

496 1868 691 1922 esseda
708 1868 989 1933 festinant,
1025 1870 1249 1939 pilenta,
1281 1871 1561 1940 petorrita,
1590 1887 1774 1935 naves,

495 1953 771 2023 captivum
795 1961 1046 2024 portatur
1069 1955 1223 2020 ebur,
1249 1956 1468 2025 captiva
1493 1956 1809 2013 Corinthus.

497 2039 545 2092 si
569 2039 711 2093 foret
732 2040 791 2093 in
815 2039 991 2104 terris,
1018 2039 1221 2093 rideret
1243 2041 1614 2105 Democritus,
1645 2059 1744 2095 seu

363 2130 458 2177 195
497 2125 771 2179 diversum
796 2124 1022 2178 confusa
1046 2143 1221 2195 genus
1245 2127 1512 2196 panthera
1535 2125 1759 2190 camelo,

495 2209 609 2263 sive
632 2209 851 2282 elephas
871 2210 1031 2264 albus
1055 2210 1209 2281 vulgi
1234 2219 1575 2266 converteret
1593 2227 1718 2275 ora3

494 2301 764 2364 spectaret
785 2297 1049 2367 populum
1074 2297 1219 2351 ludis
1241 2297 1507 2350 attentius
1530 2296 1664 2367 ipsis

493 2386 559 2433 ut
580 2381 687 2435 sibi
710 2382 1058 2452 praebentem
1080 2381 1247 2435 mimo
1272 2381 1583 2451 spectacula
1605 2380 1781 2450 plura,

494 2467 783 2537 scriptores
806 2474 990 2522 autem
1014 2484 1231 2520 narrare
1257 2474 1477 2536 putaret
1499 2467 1666 2521 asello

356 2553 456 2600 200
492 2550 744 2606 fabellam
767 2553 954 2607 surdo.
998 2570 1124 2606 nam
1151 2570 1288 2623 quae
1312 2552 1625 2622 pervincere
1649 2569 1810 2606 voces

491 2637 738 2691 evaluere
762 2655 975 2702 sonum,
1004 2638 1249 2692 referunt
1273 2655 1436 2708 quem
1459 2644 1649 2691 nostra
1670 2638 1924 2692 theatra?

492 2718 807 2791 Garganum
831 2722 1044 2793 mugire
1068 2729 1228 2792 putes
1251 2739 1446 2776 nemus
1469 2730 1568 2776 aut
1589 2739 1736 2775 mare
1760 2722 2017 2786 Tuscum,

491 2810 646 2859 tanto
671 2824 795 2861 cum
820 2808 1052 2878 strepitu
1078 2807 1196 2863 ludi
1220 2815 1536 2878 spectantur
1559 2815 1616 2862 et
1639 2812 1782 2862 artes

492 2888 821 2962 divitiaeque
846 2893 1180 2963 peregrinae,
1212 2893 1412 2963 quibus
1436 2893 1642 2947 oblitus
1667 2898 1819 2946 actor

354 2977 453 3024 205
493 2990 616 3026 cum
642 2976 796 3031 stetit
815 2977 877 3054 'in
902 2995 1079 3043 scena,
1110 2980 1387 3033 concurrit
1408 2980 1632 3033 dextera
1656 2978 1861 3033 laevae.

490 3059 634 3114 dixit
653 3060 834 3115 adhuc
860 3063 1107 3133 aliquid?
1145 3063 1328 3128 „nihil
1353 3069 1550 3118 sane.“
1593 3064 1728 3133 quid
1751 3064 1930 3135 placet
1952 3063 2121 3134 ergo?

492 3144 666 3208 „lana
683 3145 977 3200 Tarentino
1001 3147 1174 3201 violas
1198 3148 1411 3202 imitata
1434 3156 1711 3203 veneno.“
2215 3168 2219 3173 ·

353 3232 494 3240 —-

499 3269 595 3314 175
632 3271 848 3316 dimittere
871 3293 935 3302 -
960 3280 1060 3329 post
1082 3272 1207 3317 haec.
1285 3274 1382 3319 178
1406 3273 1729 3320 instat-180
1757 3289 1808 3320 ac
1833 3274 1990 3321 reficit.
2067 3273 2165 3319 185
2191 3276 2369 3320 discor-

351 3336 601 3382 dat.186
627 3338 813 3398 plaudit.
876 3337 994 3390 (187
1023 3342 1194 3398 equiti)
1253 3342 1376 3395 (188
1402 3346 1610 3447 ingratos.
1619 3345 1634 3396 )
1694 3341 1791 3389 196
1817 3346 2098 3390 converterit.
2159 3341 2254 3387 198
2283 3345 2368 3387 mi·

349 3417 492 3463 mum3
519 3408 721 3464 nimium3
748 3407 895 3451 nimio.
970 3404 1068 3450 204
1105 3416 1279 3455 auctor.
