2667 3809
380 303 476 352 142
1125 307 1464 350 sA‘rIRARUM
1490 295 1566 360 ΙΙ,
1597 298 1647 348 6.

519 470 618 506 nec
641 451 782 505 male
806 469 974 505 neone
999 452 1178 521 Lepos
1203 452 1365 506 saltet
1379 475 1392 517 3
1434 451 1528 505 sed
1554 450 1701 522 quod
1724 450 1898 520 magis
1922 449 1993 502 ad
2017 465 2116 502 nos

518 537 755 610 pertinet
779 544 833 592 et
857 537 1061 591 nescire
1085 538 1288 591 malum
1315 545 1414 602 est,
1444 540 1742 607 agitamus·
1780 542 2033 589 utrumne

519 625 724 687 divitiis
747 625 994 678 homines
1020 641 1089 676 an
1115 623 1226 676 sint
1248 623 1449 677 virtute
1471 623 1649 676 beati·
1636 645 1649 687 3

420 718 480 763 75
520 710 718 781 quidve
742 710 813 763 ad
836 708 1116 775 amicitias,
1145 727 1277 763 usus
1300 716 1581 762 rectumne
1605 707 1787 761 trahat
1809 683 1927 772 nos,

520 804 576 850 et
599 814 735 868 quae
760 796 832 849 sit
854 802 1049 849 natura
1071 795 1220 861 boni,
1249 811 1628 864 summumque
1654 793 1787 864 quid
1812 793 1948 846 eius.

521 881 744 936 Cervius
769 881 900 934 haec
925 882 1068 935 inter
1093 883 1302 937 vicinus
1328 881 1499 952 garrit
1522 878 1693 932 aniles

518 986 588 1022 ex
611 986 670 1021 re
693 966 937 1020 fabellas.
990 967 1037 1021 si
1062 967 1182 1037 quis
1206 983 1330 1019 nam
1355 965 1545 1020 laudat
1567 964 1741 1018 Arelli

519 1054 778 1108 sollicitas
800 1053 1024 1123 ignarus
1051 1040 1197 1124 opeS,
1228 1053 1304 1106 sic
1327 1052 1549 1122 incipit=
1591 1051 1719 1104 olim

420 1147 482 1193 80
518 1140 754 1194 rusticus
779 1139 1048 1193 urbanum
1071 1155 1278 1191 murem
1303 1155 1424 1191 mus
1449 1155 1684 1208 paupere
1708 1138 1883 1191 fertur

520 1226 787 1296 accepisse
812 1220 961 1290 cavo,
990 1232 1226 1279 veterem
1250 1231 1406 1278 vetus
1429 1225 1625 1294 hospes
1651 1223 1900 1289 amicum,

522 1329 678 1382 asper
704 1318 758 1364 et
782 1317 1023 1365 attentus
1050 1312 1324 1381 quaesitis,
1355 1317 1419 1364 ut
1441 1319 1622 1364 tamen
1647 1317 1823 1363 artum

500 1398 753 1453 'solveret
775 1397 1028 1468 hospitiis
1054 1397 1312 1450 animum.
1365 1397 1498 1467 quid
1519 1395 1731 1453 multa?
1766 1413 1943 1467 neque
1967 1395 2059 1449 ille

522 1482 746 1554 sepositi
771 1484 957 1537 ciceris
981 1500 1082 1535 nec
1105 1478 1300 1552 longae
1325 1482 1525 1537 invidit
1546 1500 1765 1546 avenae,

374 1592 377 1595 ·
419 1575 481 1622 85
520 1569 732 1623 aridum
758 1576 814 1623 et
837 1586 928 1623 ore
953 1569 1131 1621 ferens
1156 1569 1371 1622 acinum
1397 1567 1871 1638 semesaque-lardi

518 1655 692 1708 frusta
717 1655 884 1720 dedit,
915 1654 1137 1724 cupiens
1163 1654 1310 1708 varia
1334 1654 1554 1707 fastidia
1578 1671 1746 1708 coena

518 1740 733 1794 vincere
758 1740 1035 1810 tangentis
1060 1739 1199 1792 male
1222 1740 1442 1810 singula
1468 1740 1629 1794 dente
1653 1740 1904 1811 super-bn,

521 1843 645 1879 cum
669 1831 823 1895 pater
846 1824 962 1894 ipse
988 1825 1180 1878 domus
1204 1826 1360 1896 palea
1384 1832 1663 1896 porrectus
1691 1826 1747 1879 in
1773 1826 1947 1878 horna

522 1918 663 1964 esset
686 1911 817 1963 ador
840 1910 1157 1980 loliumque,
1189 1910 1342 1981 dapis
1366 1912 1589 1965 meliora
1610 1896 1940 1982 relinquens,

417 2004 483 2051 90
520 1996 739 2050 tandem
765 1996 1006 2049 urbanus
1031 1996 1100 2048 ad
1123 1996 1296 2049 hunc:
1339 1997 1517 2067 „quid
1540 2004 1594 2050 te
1620 1998 1814 2052 iuvat“
1840 1996 2021 2067 inquit
2048 1995 2279 2060 „amice,

519 2082 798 2154 praerupti
821 2082 1056 2153 nemoris
1081 2083 1377 2152 patientem
1402 2083 1580 2137 vivere
1606 2066 1803 2137 dorso?

518 2169 600 2223 vis
626 2174 688 2221 tu
713 2167 960 2221 homines
986 2168 1281 2239 urbemque
1305 2168 1433 2221 feris
1459 2187 1788 2240 praeponere
1813 2168 2001 2223 silvis?

520 2272 677 2325 carpe
701 2254 861 2320 viam,
890 2254 1024 2307 mihi
1049 2255 1225 2320 crede,
1254 2270 1450 2319 comeS,
1479 2255 1755 2308 terrestria
1779 2255 1995 2324 quando

516 2340 769 2395 mortales
795 2340 998 2393 animas
1023 2340 1216 2395 vivunt
1241 2339 1448 2406 sortita,
1476 2357 1653 2411 neque
1677 2341 1790 2394 ulla
1816 2346 1897 2393 est

415 2435 480 2480 95
517 2433 614 2480 aut
636 2444 835 2497 magno
861 2433 957 2480 aut
980 2444 1147 2497 parvo
1171 2426 1267 2480 leti
1291 2427 1441 2497 fuga.
1494 2444 1620 2497 quo,
1649 2426 1810 2490 bone,
1840 2426 1978 2479 circa

517 2514 648 2567 dum
671 2514 799 2567 licet
822 2513 878 2565 in
902 2513 1063 2566 rebus
1087 2513 1339 2566 iucundis
1364 2513 1484 2566 vive
1508 2513 1725 2578 beatus3

516 2602 636 2654 vive
662 2617 881 2663 memor,
913 2616 1074 2669 quam
1097 2598 1171 2651 sis
1196 2599 1314 2653 aevi
1338 2599 1581 2652 brevis.“
1632 2598 1784 2650 Haec
1810 2597 1905 2651 ubi
1930 2597 2074 2650 dicta

516 2692 782 2756 agrestem
807 2684 1079 2754 pepulere,
1111 2684 1271 2737 domo
1296 2685 1429 2739 levis
1456 2683 1655 2738 exsilit.
1701 2684 1828 2737 inde
1855 2700 1862 2705 ·

516 2772 673 2825 ambo
697 2771 1034 2841 propositum
1059 2777 1328 2840 peragunt
1352 2771 1472 2836 iter,
1502 2770 1651 2824 urbis
1675 2776 1894 2825 aventes

383 2863 478 2908 100
515 2856 730 2909 moenia
752 2850 1004 2909 nocturni
1029 2856 1333 2928 subrepere.
1386 2857 1601 2927 iamque
1625 2858 1845 2911 tenebat

516 2959 626 2996 nox
650 2930 888 2995 medium
914 2942 1048 2996 caeli
1070 2943 1322 3013 spatium,
1354 2959 1474 2995 cum
1499 2944 1654 3015 ponit
1677 2951 1904 3015 uterque

516 3027 573 3080 in
597 3026 868 3097 locuplete
894 3028 1054 3082 domo
1079 3029 1324 3099 vestigia,
1353 3029 1518 3081 rubro
1544 3028 1639 3081 ubi
1665 3046 1823 3081 cocco

515 3114 688 3167 tincta
713 3130 875 3183 super
899 3114 1066 3167 lectos
1093 3115 1346 3168 canderet
1369 3113 1534 3169 vestis
1560 3115 1793 3168 eburnos

514 3199 791 3268 multaque
816 3199 884 3253 de
907 3216 1104 3269 magna
1128 3205 1471 3271 superessent
1492 3200 1696 3254 fercula
1720 3217 1904 3265 coena,

520 3326 580 3371 72
619 3342 719 3372 num
745 3328 871 3372 male.
968 3326 1029 3369 77
1069 3327 1273 3385 Serviu83
1303 3329 1505 3386 Serriu83
1534 3330 1705 3374 Cei-tius
1733 3352 1797 3361 —
1821 3330 2000 3374 vicinos.
2112 3325 2174 3372 78
2213 3342 2308 3371 nam
2334 3329 2373 3371 si

379 3399 492 3456 quis.
568 3394 628 3440 82
668 3398 875 3441 intentus.
949 3392 1011 3439 83
1050 3395 1128 3438 illi.
1203 3394 1264 3439 86
1303 3398 1481 3442 frustra.
1558 3395 1618 3441 87
1658 3399 1785 3442 mala.
1860 3395 1922 3441 92
1949 3399 2020 3443 vin
2048 3405 2109 3443 tu.
2182 3395 2245 3440 95
2284 3410 2373 3454 quo

378 3467 489 3510 bene
513 3467 646 3510 circa.
718 3463 781 3508 96
825 3461 1118 3508 vivis.102
1155 3464 1297 3509 domu.
