2667 3809
372 256 469 307 106
1115 263 1452 306 summum
1474 251 1552 317 ΙΙ,
1580 253 1632 304 3.

507 407 750 461 Primum
774 423 898 460 nam
922 405 1208 478 inquiram,
1239 405 1373 476 quid
1396 406 1467 459 sit
1475 408 1688 476 fircera.
1728 406 1832 459 hoc
1855 406 1901 459 si
1925 406 2029 460 erit
2047 405 2108 459 in
2131 414 2189 459 te

508 494 643 559 solo,
672 493 752 547 nil
773 493 924 548 verbi
946 510 1134 565 pereas
1157 492 1291 564 quin
1320 492 1534 546 fortiter
1553 492 1771 546 addam.

508 581 685 641 Quem
707 580 848 633 mala
870 579 1104 633 stultitia
1126 586 1182 633 et
1204 595 1582 650 quemcunque
1605 578 1820 632 inscitia
1843 578 1956 632 veri

507 684 724 720 caecum
749 666 892 736 agit,
921 666 1172 719 insanum
1197 665 1486 736 Chrysippi
1509 664 1748 735 porticus
1772 672 1829 718 et
1850 680 1984 733 grex

404 760 468 805 45
506 759 771 806 autumat.
810 752 942 805 haec
965 750 1214 822 populos,
1242 751 1376 804 haec
1399 767 1625 821 magnos
1647 749 1881 804 formula
1897 766 2055 819 reges

509 844 734 909 excepto
758 837 999 908 sapiente
1021 843 1192 891 tenet.
1229 853 1376 889 nunc
1400 836 1600 907 accipe,
1628 853 1795 908 quare

507 923 776 995 desipiant
801 940 985 976 omnes
1009 940 1180 993 aeque
1203 939 1266 976 ac
1289 931 1371 988 tu,
1402 922 1496 993 qui
1519 921 1622 976 tibi
1645 940 1844 976 nomen

506 1011 696 1064 insano
719 1026 964 1080 posuere.
1002 1008 1155 1063 velut
1177 1007 1326 1062 silvis
1350 1008 1446 1062 ubi
1468 1009 1668 1080 passim

504 1096 747 1168 palantes
770 1111 918 1149 error
941 1100 1087 1148 certo
1112 1094 1180 1147 de
1203 1095 1418 1148 tramite
1440 1093 1614 1165 pellit,

405 1190 469 1235 50
506 1183 598 1236 ille
622 1182 1008 1246 sinistrorsum,
1036 1180 1126 1234 hic
1151 1180 1491 1234 dextrorsum
1516 1179 1659 1244 abit,
1688 1195 1831 1232 unus
1854 1178 2072 1249 utrique

504 1285 667 1333 error,
697 1268 791 1323 sed
815 1267 977 1321 variis
1001 1266 1186 1321 illudit
1207 1266 1484 1337 partibus=
1526 1265 1629 1317 hoc
1651 1272 1709 1317 te

504 1354 660 1407 crede
682 1354 845 1407 modo
869 1353 1138 1417 insanum,
1166 1352 1341 1406 nihilo
1363 1357 1428 1404 ut
1450 1349 1747 1420 sapientior
1770 1349 1881 1415 ille,

501 1439 596 1511 qui
619 1447 674 1493 te
698 1439 935 1503 deridet,
965 1439 1191 1493 caudam
1213 1438 1413 1491 trahat.
1460 1437 1564 1491 Est
1585 1453 1760 1506 genus
1785 1452 1955 1490 unum

504 1525 768 1580 stultitiae
793 1524 1026 1578 nihilum
1048 1522 1342 1578 metuenda
1363 1522 1622 1587 timentis,
1651 1529 1716 1575 ut
1735 1522 1909 1592 ignes,

404 1620 465 1664 55
504 1619 567 1666 ut
587 1628 749 1682 rupes
773 1610 1076 1680 fluviosque
1098 1610 1158 1663 in
1182 1625 1371 1679 campo
1395 1608 1610 1662 obstare
1635 1615 1910 1678 queratur.

502 1698 731 1752 alterum
756 1703 812 1749 et
832 1694 961 1749 huic
984 1711 1172 1749 varum
1194 1703 1254 1747 et
1275 1692 1449 1747 nihilo
1474 1694 1789 1764 sapientius,
1817 1696 1972 1766 ignes

501 1800 598 1853 per
620 1782 828 1835 medios
850 1780 1152 1850 fluviosque
1175 1778 1416 1844 ruentis3
1459 1779 1653 1834 clamet
1675 1780 1846 1835 amica

503 1874 691 1933 mater,
719 1868 948 1920 honesta
969 1882 1138 1930 soror,
1167 1882 1290 1918 cum
1314 1866 1559 1936 cognatis
1583 1874 1753 1937 pater,
1781 1884 1950 1921 uxor=

506 1952 639 2018 „hic
661 1952 808 2006 fossa
828 1958 913 2005 est
934 1952 1146 2022 ingens,
1176 1951 1265 2004 hic
1288 1968 1451 2022 rupes
1472 1952 1724 2017 maxima,
1751 1956 1934 2007 serva!
1958 1959 1993 1985 “

405 2046 468 2091 60
506 2056 618 2092 non
640 2038 812 2108 magis
836 2037 1069 2093 audierit
1083 2076 1098 2103 ,
1128 2054 1291 2108 quam
1317 2037 1524 2103 Fufius,
1553 2038 1736 2092 ebrius
1759 2039 1888 2092 olim

506 2141 628 2178 cum
650 2123 883 2177 Ilionam
904 2122 1163 2189 edormit,
1195 2124 1433 2179 Catienis
1456 2124 1606 2178 mille
1627 2125 1878 2178 ducentis

506 2215 735 2275 „maten
767 2217 816 2264 te
838 2209 1081 2278 appello!
1094 2215 1132 2240 ‘⁴
1166 2210 1545 2264 clamantibus.
1599 2210 1749 2263 Huic
1772 2228 1874 2280 ego
1898 2210 2098 2281 vulgus

500 2295 671 2349 errori
694 2295 923 2349 similem
946 2302 1202 2349 cunctum
1225 2296 1462 2350 insanire
1486 2295 1711 2350 docebo.

504 2381 716 2435 Insanit
738 2388 946 2435 veteres
971 2387 1178 2434 statuas
1201 2382 1567 2453 Damasippus
1589 2381 1849 2435 emendo=

404 2474 466 2520 65
502 2467 711 2537 integer
734 2473 820 2520 est
842 2467 1039 2520 mentis
1063 2466 1382 2537 Damasippi
1407 2467 1678 2523 creditor?
1715 2475 1851 2521 esto.

501 2553 683 2624 accipe
707 2553 856 2624 quod
877 2570 1158 2624 nunquam
1181 2553 1378 2607 reddas
1398 2554 1532 2607 mihi
1546 2593 1561 2620 ,
1590 2554 1638 2607 si
1659 2554 1762 2607 tibi
1785 2554 1979 2618 dicam,

499 2646 632 2693 tune
654 2640 878 2693 insanus
904 2638 1026 2703 eris,
1056 2639 1103 2692 si
1125 2638 1414 2708 acceperis,
1442 2657 1512 2692 an
1536 2640 1709 2710 magis
1733 2657 1921 2693 excors

497 2725 696 2778 reiecta
718 2724 933 2794 praeda,
969 2742 1131 2795 quam
1155 2741 1410 2795 praesens
1434 2725 1737 2780 Mercurius
1762 2725 1906 2779 fert?

498 2809 671 2863 scribe
695 2808 880 2862 decem
903 2826 935 2862 a
959 2809 1126 2863 Nerio
1150 2839 1221 2850 —-
1243 2828 1358 2864 non
1380 2818 1465 2865 est
1487 2811 1616 2865 satis
1643 2840 1706 2852 —
1732 2811 1871 2865 adde
1895 2811 2118 2865 Cicutae

402 2902 464 2947 70
501 2894 696 2948 nodosi
718 2895 932 2948 tabulas
958 2903 1193 2961 centum,
1221 2896 1371 2951 mille
1395 2897 1534 2950 adde
1559 2904 1802 2951 catenasx

499 2979 722 3050 effugiet
742 2988 924 3033 tamen
948 2980 1081 3034 haec
1104 2983 1396 3036 sceleratus
1417 2982 1635 3037 vincula
1657 2982 1908 3036 Proteus.

501 3082 625 3118 cum
646 3065 822 3134 rapies
844 3065 902 3118 in
924 3066 1012 3119 ius
1033 3067 1190 3121 malis
1212 3068 1479 3122 ridentem
1502 3067 1734 3133 alienis,-

498 3149 591 3204 fiet
614 3166 760 3221 aper,
787 3151 951 3204 modo
974 3152 1106 3218 avis,
1135 3153 1298 3206 modo
1320 3171 1514 3207 saxum
1537 3160 1593 3207 et
1615 3171 1740 3207 cum
1763 3154 1937 3218 volet,
1965 3153 2143 3207 arbor.

499 3277 561 3320 41
601 3281 658 3323 sit
681 3279 819 3324 furor.
906 3276 971 3322 43
1009 3293 1321 3339 quaecunque,
1353 3280 1672 3340 (quacunque.)
1767 3279 1832 3325 50
1869 3283 2092 3340 utrisqu03
2119 3281 2353 3339 utrimque.

366 3345 428 3390 53
466 3346 613 3392 trahit.
708 3346 771 3391 56
808 3349 989 3392 varium.
1097 3347 1158 3391 57
1197 3349 1350 3405 amics,
1374 3357 1537 3406 maten-3
1566 3349 1765 3404 (anicla)
1861 3348 1924 3393 60
1961 3351 2149 3406 Fusius;
2175 3349 2349 3395 Susius.

365 3413 427 3460 62
464 3416 656 3474 vulgum.
728 3415 790 3461 67
827 3424 943 3473 tum3
975 3423 1094 3462 tunc.
1167 3415 1231 3461 69
1268 3418 1415 3463 decem
1437 3419 1588 3465 Neffio.
1663 3416 1726 3461 72
1761 3421 1859 3464 iura
1881 3418 2023 3464 malis.
