2667 3809
296 270 400 321 220
1005 278 1421 319 musromntm
1446 265 1493 329 1,
1528 269 1610 320 17.

439 419 607 483 sedit,
638 419 733 489 qui
757 419 943 472 timuit
966 436 1035 472 ne
1060 436 1172 471 non
1197 419 1530 472 succederet.
1568 425 1704 471 esto.

439 504 590 575 quid,
621 504 716 574 qui
740 503 989 573 pervenit
1003 542 1017 567 ,
1046 503 1247 557 fecitne
1271 503 1539 558 viriliter?
1576 504 1727 573 atqui

438 591 528 643 hic
553 595 638 643 est
661 595 756 642 aut
780 606 1049 660 nusquam
1075 589 1224 659 quod
1248 590 1579 660 quaerimus.
1619 589 1708 642 hic
1733 606 1872 642 onus
1896 590 2099 654 horret,

338 682 404 728 40
442 683 506 730 ut
529 674 709 745 parvis
733 674 928 727 animis
954 682 1010 727 et
1032 691 1198 745 parvo
1224 691 1447 745 corpore
1471 675 1675 738 maius3

442 761 530 814 hic
555 759 705 814 subit
728 766 783 812 et
806 759 1026 830 perfert.
1064 765 1162 814 aut
1184 760 1358 814 virtus
1381 776 1581 812 nomen
1605 760 1767 813 inane
1793 768 1893 825 est,

441 852 538 899 aut
562 844 727 898 decus
753 852 809 899 et
831 846 1066 916 pretium
1092 852 1238 899 recte
1261 846 1403 917 petit
1427 845 1711 917 experiens
1735 845 1836 900 vir.

442 932 636 985 Coram
659 948 790 1001 rege
814 949 914 985 suo
939 932 1007 985 de
1030 940 1350 1002 paupertate
1375 939 1616 985 tacentes

444 1016 567 1086 plus
592 1024 849 1087 poscente
872 1018 1067 1070 ferent.
1108 1017 1304 1082 distat,
1336 1034 1586 1071 sumasne
1611 1016 1881 1086 pudenter

341 1109 406 1154 45
444 1119 514 1155 an
538 1102 734 1173 rapias.
773 1102 927 1171 atqui
949 1119 1129 1155 rerum
1155 1110 1320 1173 caput
1343 1104 1447 1156 hoc
1473 1109 1615 1166 erat,
1646 1102 1735 1155 hic
1760 1102 1901 1155 fons.

446 1187 737 1253 „indotata
760 1187 893 1241 mihi
920 1205 1073 1241 soror
1097 1195 1180 1242 est
1195 1227 1208 1252 ‚
1237 1187 1568 1258 paupercula
1590 1194 1763 1241 mater

446 1280 501 1325 et
522 1272 728 1325 fundus
751 1289 853 1326 nec
876 1273 1167 1327 vendibilis
1191 1290 1291 1326 nec
1315 1290 1535 1343 pascere
1558 1272 1812 1347 firmus,“

446 1358 541 1428 qui
566 1358 728 1421 dicit,
758 1357 985 1411 clamatz
1025 1358 1274 1422 „victum
1300 1358 1494 1411 date.“
1531 1357 1765 1412 succinit
1788 1357 1959 1411 alter:

447 1449 548 1507 „et
570 1442 707 1496 mihi
730 1441 957 1495 dividuo
982 1442 1219 1498 findetur
1240 1461 1465 1498 munere
1490 1444 1761 1515 quadra.“

345 1534 410 1580 50
445 1529 541 1581 sed
565 1528 765 1582 tacitus
789 1529 939 1598 pasci
963 1530 1010 1582 si
1034 1534 1219 1599 posset
1242 1546 1455 1593 corvus,
1485 1530 1711 1583 haberet

444 1614 568 1684 plus
592 1613 748 1685 dapis
771 1619 829 1667 et
850 1614 1001 1667 rixae
1024 1614 1199 1668 multo
1222 1615 1405 1668 minus
1428 1615 1791 1685 invidiaeque.

442 1697 797 1752 Brundisium
823 1715 1001 1752 comes
1026 1707 1123 1753 aut
1148 1700 1471 1754 Surrentum
1496 1701 1696 1755 ductus
1719 1716 2026 1765 amoenum,

445 1783 542 1854 qui
566 1782 812 1852 queritur
837 1783 1073 1837 salebras
1096 1789 1153 1837 et
1176 1785 1429 1839 acerbum
1453 1786 1628 1856 frigus
1653 1792 1710 1840 et
1733 1785 1950 1851 imbres,

446 1875 544 1921 aut
568 1866 757 1921 cistam
783 1867 1053 1921 effractam
1079 1877 1136 1923 et
1159 1870 1429 1924 subducta
1452 1871 1651 1926 viatica
1673 1871 1868 1942 plorat,

343 1961 408 2005 55
445 1959 578 2006 nota
599 1952 766 2006 refert
788 1953 1084 2007 meretricis
1108 1957 1376 2020 acumina,
1405 1973 1564 2028 saepe
1589 1957 1855 2021 catellam,

449 2055 610 2108 saepe
638 2038 1011 2109 periscelidem
1035 2046 1245 2110 raptam
1270 2041 1376 2095 sibi
1399 2042 1598 2106 flentis,
1628 2042 1712 2097 uti
1735 2058 1865 2095 mox

446 2123 599 2177 nulla
622 2124 755 2177 fides
781 2124 991 2178 damnis
1015 2125 1267 2196 verisque
1290 2127 1574 2183 doloribus
1597 2127 1761 2181 adsit.

446 2226 549 2263 nec
572 2209 737 2262 semel
761 2209 951 2263 irrisus
975 2209 1149 2266 triviis
1171 2212 1423 2265 attollere
1447 2220 1602 2266 curat

443 2294 616 2348 fracto
640 2311 795 2349 crure
817 2295 1056 2367 planum,
1086 2296 1215 2350 licet
1237 2296 1320 2350 illi
1344 2297 1579 2367 plurima
1601 2305 1786 2351 manet

346 2387 409 2433 60
446 2381 683 2445 lacrima,
712 2397 809 2452 per
831 2389 1077 2435 sanctum
1103 2381 1311 2436 iuratus
1337 2382 1484 2439 dicat
1509 2382 1744 2436 Osirim:

449 2467 713 2533 „credite,
742 2484 855 2521 non
879 2467 1045 2533 ludo;
1084 2468 1351 2533 crudeles,
1386 2467 1568 2521 tollite
1592 2466 1916 2521 claudum.“

447 2572 639 2625 quaere
651 2553 1018 2623 pereyo-amm,
1044 2553 1245 2608 vicinia
1265 2570 1430 2607 rauca
1452 2553 1728 2607 reclamat.

449 2699 483 2742 1.
522 2695 586 2741 42
624 2706 699 2744 aut
722 2701 923 2757 pretium.
997 2696 1062 2742 43
1100 2713 1196 2744 sua.
1268 2696 1333 2742 49
1374 2698 1592 2754 findatur3
1628 2698 1851 2743 fundetur.
1926 2697 1986 2741 51
2029 2700 2150 2742 rixae
2175 2699 2319 2743 minus

310 2774 354 2810 et
378 2767 535 2812 minus.
609 2764 671 2810 52
711 2768 1018 2812 Brundusium.
1094 2765 1157 2811 60
1196 2766 1360 2811 Osirin.
1436 2764 1520 2819 (62
1559 2774 1685 2811 caula
1709 2766 1964 2823 Γράνικος
1992 2766 2212 2811 reclamet.

428 2835 483 2878 11.
515 2832 577 2878 38
604 2835 707 2879 fecit
732 2850 805 2881 ne.
866 2834 928 2879 39
956 2835 1113 2881 honus.
1176 2833 1240 2877 44
1267 2849 1412 2880 sumas
1437 2849 1492 2879 ne
1516 2835 1773 2894 prudenter.
1832 2834 1896 2878 45
1923 2836 2022 2880 erit.
2088 2833 2150 2878 52
2181 2835 2326 2879 Brun-

311 2902 500 2946 dusium.
576 2902 639 2946 54
677 2908 724 2947 et
743 2907 911 2950 cistam.
984 2903 1048 2949 59
1086 2904 1213 2963 plura
1238 2912 1448 2948 manaret.
1524 2899 1588 2948 ‘60
1625 2903 1836 2948 lachrina
1867 2925 1928 2936 —
1956 2904 2145 2962 osyrim.
