2667 3809
377 243 476 294 280
1098 207 1520 293 ΕΡῙεΤοιΑΒωὶ
1536 240 1645 293 III.

510 392 716 463 gaudet
737 392 890 463 equis
916 391 1250 463 canibusque
1275 399 1332 446 et
1354 393 1523 463 aprici
1548 393 1792 463 gramine
1817 395 2011 464 campi,

513 495 698 531 cereus
724 476 781 530 in
806 477 1000 530 vitium
1022 477 1196 543 flecti,
1225 477 1588 531 monitoribus
1610 495 1784 547 asper,

511 563 729 616 utilium
754 563 944 615 tardus
967 563 1232 632 provisor,
1268 563 1532 633 prodigus
1557 563 1714 628 aeris,

378 656 473 701 165
512 648 760 702 sublimis
787 647 1125 718 cupidusque
1151 655 1207 701 et
1230 656 1409 701 amata
1433 648 1737 719 relinquere
1762 649 1977 719 pernix.

510 733 783 786 conversis
807 733 1005 785 studiis
1030 738 1179 786 aetas
1203 733 1526 803 animusque
1551 733 1722 788 virilis
1757 779 1766 784 ,

510 818 723 889 quaerit
746 835 876 888 opes
900 824 956 871 et
977 817 1260 881 amicitiae,
1290 818 1518 871 inservit
1541 818 1753 883 honori,

510 902 840 955 commisisse
866 909 1020 957 cavet
1043 902 1191 972 quod
1215 920 1343 955 mox
1367 911 1578 957 mutare
1602 904 1829 958 laboret.

508 988 683 1040 multa
707 1005 890 1042 senem
915 988 1348 1041 circumveniunt
1371 988 1731 1054 incommoda,
1761 990 1850 1043 vel
1874 990 2022 1060 quod

377 1078 473 1124 170
511 1073 724 1144 quaerit
747 1079 802 1125 et
825 1073 1061 1127 inventis
1083 1073 1247 1127 miser
1271 1074 1510 1128 abstinet
1534 1093 1596 1129 ac
1620 1076 1778 1129 timet
1800 1075 1900 1140 uti,

511 1158 598 1211 vel
623 1158 771 1228 quod
793 1176 879 1212 res
906 1176 1092 1212 omnes
1116 1159 1306 1212 timide
1330 1160 1621 1230 gelideque
1645 1160 1935 1224 ministrat,

512 1243 727 1308 dilator,
759 1261 853 1314 spe
878 1244 1095 1314 longus,
1125 1244 1287 1310 iners,
1318 1245 1619 1316 avidusque
1644 1244 1834 1310 futuri,

510 1328 762 1394 difficilis,
794 1329 1071 1399 querulus,
1101 1329 1353 1382 laudator
1376 1331 1635 1400 temporis
1659 1331 1767 1384 acti

505 1431 562 1466 se
585 1431 774 1485 puer0‚
804 1414 1097 1484 castigator
1121 1432 1417 1484 censorque
1441 1414 1731 1469 minorum.

377 1505 471 1550 175
510 1499 683 1552 multa
705 1499 890 1552 ferunt
912 1498 1042 1551 anni
1066 1499 1345 1552 venientes
1372 1500 1655 1551 commoda
1680 1516 1860 1553 secum
1883 1522 1897 1562 ;

510 1585 683 1637 multa
705 1584 1018 1637 recedentes
1043 1584 1310 1637 adimunt.
1350 1601 1419 1637 ne
1445 1584 1583 1637 forte
1608 1583 1805 1637 seniles

506 1670 836 1723 mandentur
858 1670 1044 1724 iuveni
1067 1676 1246 1741 partes
1270 1686 1547 1740 pueroque
1572 1670 1771 1733 viriles,

508 1772 717 1826 semper
741 1756 798 1807 in
823 1754 1093 1808 adiunctis
1119 1772 1361 1825 aevoque
1384 1754 1714 1808 morabimur
1738 1753 1900 1823 aptis.

506 1840 626 1893 Aut
647 1840 831 1909 agitur
853 1857 938 1892 res
964 1839 1020 1892 in
1046 1839 1221 1892 scenis
1247 1846 1344 1892 aut
1369 1845 1489 1893 acta
1510 1840 1757 1893 refertur.

375 1930 471 1976 180
510 1924 732 1994 segnius
756 1923 974 1976 irritant
997 1923 1204 1976 animos
1231 1924 1465 1978 demissa
1488 1941 1584 1994 per
1615 1941 1818 1989 aurem,

509 2026 671 2079 quam
697 2026 836 2078 quae
861 2015 992 2061 sunt
1016 2008 1187 2061 oculis
1212 2009 1456 2063 subiecta
1480 2008 1733 2066 fidelibus
1758 2018 1814 2064 et
1838 2027 1977 2081 quae

508 2094 625 2164 ipse
649 2093 756 2146 sibi
779 2093 946 2147 tradit
970 2099 1258 2162 spectator.
1298 2112 1410 2147 non
1436 2102 1616 2149 tamen
1643 2096 1792 2149 intus
1909 2087 1914 2092 ’

508 2179 678 2249 digna
701 2178 818 2249 geri
842 2196 1053 2249 promes
1080 2179 1136 2232 in
1161 2196 1376 2232 scenam
1402 2169 1683 2250 multaque
1709 2179 1867 2234 tolles

507 2282 576 2318 ex
601 2265 792 2329 oculis,
823 2282 962 2335 quae
985 2281 1113 2317 mox
1137 2271 1320 2317 narret
1345 2264 1599 2317 facundia
1622 2281 1895 2334 praesens.

374 2356 468 2403 185
506 2369 575 2404 ne
600 2368 798 2421 pueros
824 2367 1001 2403 coram
1027 2349 1230 2420 populo
1258 2350 1456 2403 Medea
1480 2351 1735 2416 trucidet,

506 2443 602 2490 aut
625 2437 864 2489 humana
885 2435 1064 2504 palam
1090 2442 1290 2506 coquat
1313 2442 1442 2490 exta
1465 2435 1701 2489 nefarius
1726 2435 1950 2508 Atreus.

505 2528 602 2575 aut
625 2522 683 2575 in
707 2538 860 2576 avem
884 2520 1096 2575 Procne
1120 2527 1381 2584 vertatur,
1414 2519 1649 2573 Cadmus
1677 2521 1734 2574 in
1748 2536 2016 2590 anguem.

506 2607 869 2677 quodcunque
895 2606 1137 2659 ostendis
1161 2605 1296 2659 mihi
1320 2605 1416 2668 sic,
1446 2604 1758 2658 incredulus
1785 2604 1897 2658 odi.

505 2708 640 2745 neve
664 2692 840 2745 minor
865 2708 971 2744 neu
998 2691 1072 2744 sit
1095 2691 1289 2761 quinto
1314 2691 1631 2763 productior
1653 2697 1778 2746 actu

372 2781 468 2827 190
505 2769 706 2841 fabula,
736 2793 875 2847 quae
900 2775 1051 2847 posci
1074 2775 1194 2829 vult
1218 2781 1273 2829 et
1297 2782 1539 2845 spectata
1562 2775 1783 2844 reponi3

506 2877 605 2913 nec
631 2861 766 2915 deus
789 2861 1009 2915 intersit
1030 2861 1138 2915 nisi
1163 2861 1362 2931 dignus
1388 2860 1603 2914 vindice
1628 2860 1806 2913 nodus

505 2944 789 3010 inciderit3
828 2963 928 3000 nec
954 2953 1146 3017 quarta
1168 2946 1320 3016 loqui
1347 2963 1577 3016 persona
1600 2945 1827 2999 laboret.

504 3030 722 3083 Actoris
746 3038 926 3100 partes
951 3032 1147 3085 chorus
1173 3030 1519 3101 officiumque
1543 3030 1699 3084 virile

503 3175 557 3218 A.
600 3171 695 3217 168
722 3174 841 3232 quod
862 3180 1135 3232 permutare3
1163 3175 1280 3232 quod
1302 3182 1402 3232 post
1426 3182 1608 3219 mutare.
1683 3170 1803 3227 (172
1830 3174 1994 3228 lentus,
2022 3172 2142 3216 iners
2166 3170 2385 3229 pavidus-

367 3245 489 3300 que.)
568 3239 662 3284 174
700 3254 860 3285 censor
883 3242 1223 3298 castigatorque.
1300 3240 1396 3285 178
1435 3242 1685 3286 morabitur.
1763 3238 1861 3285 180
1896 3253 2046 3287 aures.
2139 3236 2235 3281 185
2277 3253 2380 3283 nec.

373 3308 469 3353 190
506 3309 759 3367 spectanda.
837 3304 933 3350 193
969 3307 1190 3353 Auctoris.
1817 3357 1824 3362 ,

508 3378 558 3420 B.
601 3374 697 3420 176
734 3376 954 3433 adymum.
1033 3371 1127 3417 182
1167 3376 1324 3421 tradet.
1403 3375 1498 3421 156
1537 3376 1810 3440 nepharius.
