2667 3809
393 258 493 308 250
1100 261 1516 304 Busa-omnum
1540 251 1618 316 ΙΙ,
1653 254 1700 303 1.

535 406 616 458 Ac
639 419 710 455 ne
735 400 875 454 forte
898 407 1058 470 putes
1081 418 1187 466 me,
1219 418 1360 472 quae
1383 402 1558 456 facere
1581 402 1700 473 ipse
1723 421 1986 469 recusem,

535 505 659 543 cum
682 493 828 541 recte
852 493 1089 540 tractent
1112 487 1225 550 alii,
1254 487 1477 541 laudare
1501 489 1767 558 maligne:

399 583 497 629 210
536 575 629 629 ille
653 591 751 644 per
775 577 1059 625 extentum
1082 571 1268 625 funem
1292 572 1430 624 mihi
1454 590 1613 643 posse
1636 573 1857 628 videtur

535 662 613 714 ire
637 665 816 730 poeta,
845 673 1027 709 meum
1053 656 1148 727 qui
1172 664 1362 726 pectus
1387 657 1620 711 inaniter
1642 659 1814 728 augit,

533 744 729 808 irritat,
758 741 980 806 mulcet,
1008 741 1161 795 falsis
1181 741 1482 797 ,terror-ibus
1506 742 1714 812 implet,

534 839 598 885 ut
621 846 832 898 magus,
865 834 921 880 et
944 827 1107 880 modo
1132 845 1219 880 me
1243 827 1443 880 Thebis
1465 828 1629 881 modo
1654 829 1813 898 ponit
1834 829 2087 883 Athenis.

535 918 737 970 Verum
762 929 863 982 age
888 920 943 966 et
966 912 1070 978 his,
1101 913 1196 983 qui
1220 930 1277 966 se
1302 912 1493 966 lectori
1517 913 1737 967 credere
1759 913 1972 971 malunt

402 1011 500 1056 215
540 1019 701 1073 quam
728 998 1046 1070 spectatoris
1069 998 1289 1052 fastidia
1311 998 1452 1052 ferre
1476 999 1714 1070 superbi,

535 1103 719 1141 curam
741 1083 909 1138 redde
930 1084 1167 1148 brevem,
1198 1085 1244 1138 si
1268 1102 1469 1137 munus
1493 1085 1751 1155 Apolline
1776 1085 2004 1156 dignum

538 1173 619 1227 vis
646 1168 915 1239 complere
939 1169 1093 1223 libris
1117 1175 1172 1222 et
1194 1169 1412 1224 vatibus
1437 1169 1637 1224 addere
1662 1170 1854 1235 calcar,

538 1265 601 1312 ut
624 1255 807 1311 studio
832 1255 1034 1309 maiore
1058 1261 1248 1324 petant
1268 1254 1541 1308 Helicona
1562 1255 1847 1310 virentem.

537 1343 711 1396 multa
733 1339 953 1411 quidem
979 1340 1138 1393 nobis
1161 1338 1390 1393 facimus
1414 1340 1557 1394 mala
1579 1358 1740 1412 saepe
1764 1347 1957 1411 poetae
1982 1369 2046 1381 -

402 1437 500 1483 220
539 1436 603 1483 ut
623 1428 808 1482 vineta
831 1420 1048 1496 egomet
1071 1424 1292 1479 caedam
1315 1442 1436 1479 mea
1459 1457 1529 1467 —-
1553 1443 1680 1481 cum
1701 1426 1805 1480 tibi
1827 1425 2026 1481 librum

538 1513 772 1569 sollicito
797 1512 988 1565 damus
1011 1517 1109 1564 aut
1131 1510 1275 1564 fesso
1288 1533 1302 1576 ;
1344 1529 1468 1564 cum
1492 1510 1775 1575 laedimur,
1806 1527 1976 1563 unum

538 1601 585 1653 si
609 1599 729 1670 quis
753 1597 1049 1651 amicorum
1074 1602 1158 1650 est
1180 1613 1346 1649 ausus
1369 1596 1695 1666 reprendere
1720 1612 1966 1660 versum3

536 1703 658 1740 cum
683 1683 803 1737 loca
826 1683 933 1736 iam
956 1681 1183 1734 recitata
1206 1681 1535 1735 revolvimus
1559 1680 1872 1745 irrevocati3
1966 1718 1979 1737 0

536 1787 661 1823 cum
685 1769 1044 1821 lamentamur
1067 1783 1179 1819 non
1204 1783 1462 1836 apparere
1486 1766 1698 1820 labores

401 1861 499 1906 225
537 1860 754 1906 nostros
779 1858 835 1905 et
857 1851 1012 1904 tenui
1037 1851 1271 1904 deducta
1294 1858 1546 1921 poemata
1569 1850 1690 1916 filo;

537 1955 661 1991 cum
686 1952 964 2006 speramus
990 1951 1054 1987 eo
1076 1951 1192 1987 rem
1215 1938 1520 2001 venturam,
1539 1926 1613 1990 'ut
1637 1935 1799 1989 simul
1823 1943 1986 2006 atque

538 2022 776 2076 carmina
796 2019 1041 2074 rescieris
1064 2035 1166 2071 nos
1190 2017 1413 2093 fingere,
1449 2021 1765 2075 commodus
1790 2021 1935 2075 ultro
2016 2060 2021 2064 -

536 2123 774 2163 arcessas
799 2113 854 2159 et
879 2092 1036 2174 egere
1059 2111 1211 2160 vetes
1236 2111 1292 2157 et
1314 2104 1550 2158 scribere
1573 2122 1756 2181 cogas.

537 2192 645 2247 Sed
668 2199 852 2246 tamen
875 2197 960 2244 est
983 2206 1177 2260 operae
1202 2190 1439 2260 pretium
1465 2207 1809 2260 cognoscere,
1839 2189 2026 2261 quales

400 2284 499 2330 230
536 2277 786 2331 aedituos
810 2276 1009 2330 habeat
1032 2275 1164 2329 belli
1188 2282 1430 2346 spectata
1454 2275 1710 2346 domique

534 2363 706 2418 virtus
730 2361 959 2431 indigno
983 2378 1094 2414 non
1121 2360 1510 2414 committenda
1532 2367 1745 2431 poetae.

533 2455 722 2519 gratus
747 2447 1061 2502 Alexandro
1083 2445 1201 2516 regi
1224 2462 1424 2516 magno
1448 2445 1556 2501 fuit
1578 2446 1671 2501 ille

534 2534 836 2598 Choerilus,
866 2532 1089 2587 incultis
1114 2531 1209 2602 qui
1232 2531 1479 2591 versibus
1502 2538 1559 2585 et
1581 2531 1722 2585 male
1746 2533 1890 2586 natis

531 2619 747 2674 rettulit
769 2624 1036 2688 acceptos,
1064 2616 1247 2686 regale
1271 2616 1554 2682 nomisma,
1584 2617 1889 2689 Philippos.

394 2709 494 2756 235
533 2703 629 2757 sed
653 2703 825 2758 veluti
848 2709 1080 2757 tractata
1102 2709 1289 2756 notam
1315 2700 1605 2772 labemque
1627 2701 1916 2756 remittunt

531 2795 850 2853 atramenta,
878 2789 991 2843 fere
1015 2789 1305 2857 scriptores
1329 2786 1567 2847 carmine
1591 2785 1754 2840 foedo

530 2874 817 2943 splendida
840 2875 990 2928 facta
1005 2873 1208 2927 linunt.
1247 2870 1393 2927 idem
1416 2888 1513 2924 rex
1535 2870 1648 2936 ille,
1676 2888 1871 2942 poema

533 2958 628 3029 qui
651 2965 763 3010 tam
787 2958 1079 3012 ridiculum
1105 2966 1217 3012 tam
1242 2973 1363 3009 care
1387 2956 1650 3026 prodigus
1675 2956 1826 3022 emit,

530 3041 710 3095 edicto
736 3042 928 3107 vetuit,
957 3059 1026 3099 ne
1051 3041 1173 3113 quis
1199 3058 1256 3094 se
1280 3048 1496 3112 praeter
1519 3041 1754 3112 Apellen

393 3132 491 3178 240
528 3127 781 3196 pingeret
804 3132 902 3180 aut
924 3125 1061 3180 alius
1085 3126 1326 3198 Lysippo
1354 3127 1579 3180 duceret
1601 3144 1728 3183 aera

530 3250 630 3297 208
666 3254 739 3297 At.
859 3249 956 3296 209
1008 3267 1119 3310 quae
1158 3261 1293 3299 recte.
1404 3249 1502 3299 210
1540 3262 1784 3301 extensum.
1893 3252 2013 3307 (213
2052 3264 2097 3301 et
2131 3269 2284 3314 magus
2319 3258 2405 3310 ut.)

394 3319 493 3364 216
520 3334 669 3366 curam
696 3320 911 3378 impende.
993 3317 1091 3362 222
1130 3322 1469 3378 reprehendere.
1568 3319 1666 3367 226
1704 3336 1930 3382 speramus
1955 3331 2026 3381 te3
2053 3337 2279 3383 speramus
2302 3326 2405 3370 item

393 3389 489 3434 fore
511 3396 761 3434 venturum.
835 3384 934 3430 234
971 3390 1197 3433 numisma.
1269 3386 1370 3433 230
1406 3389 1620 3449 Apellem.
1694 3389 1815 3444 (240
1852 3391 2069 3445 cuderet.)
