2667 3809
295 277 396 328 204
1008 282 1421 324 EPISTOLARUM
1445 269 1492 332 Ι,
1528 273 1608 321 14.

436 428 483 480 si
507 434 561 480 te
585 426 727 478 forte
750 441 903 478 meae
927 424 1108 494 gravis
1133 429 1258 476 uret
1280 422 1492 476 sarcina
1514 422 1752 486 chartae,

438 511 662 565 abiicito
687 510 889 579 potius,
920 526 1083 579 quam
1107 526 1218 578 quo
1242 509 1479 578 perferre
1504 507 1708 561 iuberis

435 597 667 651 clitellas
690 595 838 648 ferus
863 595 1135 665 impingas
1160 594 1472 664 Asinaeque
1496 601 1785 663 paternum

438 698 742 753 cognomen
767 686 948 735 vertas
972 680 1031 732 in
1053 679 1224 732 risum
1250 685 1308 732 et
1330 679 1518 747 fabula
1538 679 1655 732 fias.

340 775 401 819 10
438 767 647 822 viribus
671 765 841 819 uteris
865 782 963 835 per
987 764 1174 828 clivos,
1201 764 1446 829 flumina,
1483 765 1684 828 lamas;

437 853 611 907 vietor
633 850 901 923 propositi
926 849 1091 902 simul
1113 866 1175 903 ao
1199 850 1509 920 perveneris
1533 850 1683 915 illue,

439 938 517 991 sie
540 937 782 1008 positum
808 935 1045 990 servabis
1071 953 1229 1000 onus,
1259 953 1329 989 ne
1355 936 1495 988 forte
1519 936 1622 989 sub
1648 936 1735 988 ala

438 1021 760 1076 fasciculum
784 1029 968 1092 portes
991 1021 1258 1075 librorum
1282 1028 1348 1075 ut
1368 1021 1609 1074 rusticus
1632 1038 1854 1090 agnum,

438 1114 502 1161 ut
526 1108 717 1162 vinosa
738 1107 955 1177 glomus
978 1107 1213 1160 furtivae
1236 1106 1468 1176 Pyrrhia
1490 1106 1664 1171 lanae,

344 1202 403 1246 15
442 1201 506 1247 ut
530 1210 650 1246 curn
676 1192 879 1262 pileolo
904 1193 1081 1246 soleas
1107 1192 1337 1246 conviva
1359 1191 1601 1245 tribulis.

439 1296 540 1333 nec
564 1278 733 1347 vulgo
756 1295 942 1332 narres
965 1278 1021 1332 te
1046 1278 1330 1332 sudavisse
1355 1278 1579 1331 ferendo
1676 1318 1682 1323 .

440 1364 696 1428 earmina,
726 1381 865 1433 quae
888 1364 1102 1433 possint
1125 1364 1313 1417 oeulos
1338 1380 1604 1433 auresque
1627 1363 1829 1416 morari

440 1449 714 1514 Caesaris3
755 1455 942 1502 oratus
964 1448 1140 1502 multa
1163 1466 1339 1520 prece,
1374 1449 1550 1502 nitere
1574 1467 1756 1519 porro.

442 1536 597 1601 vade,
626 1534 777 1599 vale3
817 1551 945 1589 eave
968 1552 1039 1588 ne
1063 1534 1269 1588 titubes
1293 1533 1659 1604 mandataque
1683 1535 1921 1605 frangas.

1207 1824 1401 1887 XIV.

965 1976 1074 2027 (Λα
1101 1974 1379 2020 vulteum
1407 1978 1637 2028 suum.)

442 2096 638 2150 Villice
662 2095 918 2149 silvarum
946 2106 1001 2150 et
1024 2098 1160 2151 mihi
1183 2116 1271 2152 me
1294 2099 1575 2152 reddentis
1599 2098 1781 2168 agelli,

441 2199 604 2252 quem
628 2188 691 2233 tu
716 2181 930 2234 fastidis
954 2183 1260 2237 habitatum
1287 2184 1530 2254 quinque
1554 2183 1689 2236 focis
1716 2191 1773 2236 et

441 2266 684 2337 quinque
708 2266 882 2320 bonos
908 2268 1129 2322 solitum
1154 2270 1372 2323 Variam
1399 2269 1671 2323 dimittere
1695 2274 1895 2338 patres,

439 2359 725 2417 certemus,
756 2353 940 2422 spinas
966 2354 1218 2407 animone
1243 2372 1346 2425 ego
1372 2355 1568 2408 fortius
1593 2372 1662 2407 an
1686 2362 1749 2407 tu

376 2446 403 2490 5
440 2438 641 2493 evellas
666 2455 797 2509 agro
823 2445 879 2492 et
902 2438 1093 2492 melior
1118 2438 1190 2494 sit
1214 2440 1481 2492 Horatius
1506 2456 1576 2492 an
1601 2456 1706 2492 res.

441 2523 536 2577 Me
562 2524 810 2594 quamvis
835 2525 1057 2578 Lamiae
1081 2525 1256 2595 pietas
1282 2531 1340 2578 et
1363 2540 1492 2578 eura
1513 2531 1758 2577 moratur

439 2609 658 2662 fratrem
684 2610 994 2675 maerentis,
1021 2616 1179 2680 rapto
1206 2610 1275 2662 de
1299 2609 1465 2663 fratre
1491 2608 1730 2663 dolentis

440 2694 774 2759 insolabiter,
805 2703 987 2748 tamen
1013 2695 1155 2748 istuc
1178 2712 1331 2748 mens
1356 2695 1680 2765 animusque

439 2778 547 2833 fert
569 2787 627 2832 et
649 2786 795 2833 amat
818 2780 1008 2849 spatiis
1031 2780 1308 2833 obstantia
1330 2797 1582 2850 rumpere
1606 2779 1860 2833 elaustra.

343 2869 404 2915 10
439 2881 564 2917 rure
591 2881 693 2933 ego
719 2868 1009 2929 viventem,
1035 2872 1101 2918 tu
1128 2865 1264 2919 diois
1288 2866 1346 2919 in
1373 2865 1508 2919 urbe
1531 2866 1786 2929 beatum3

441 2948 530 3001 eui
555 2948 736 3019 placet
760 2950 1000 3015 alterius,
1031 2968 1130 3003 sua
1156 2950 1414 3003 nimirum
1440 2957 1524 3004 est
1547 2952 1674 3004 odio
1700 2968 1836 3004 sors.

443 3078 477 3120 Ι.
517 3075 546 3119 6
586 3084 714 3132 ιιηις
742 3083 887 3133 urget.
963 3077 988 3119 7
1016 3077 1261 3122 abicito—
1284 3079 1503 3135 proferre.
1580 3076 1641 3121 14
1668 3078 1865 3135 glomos3
1891 3075 2065 3135 globos.
2143 3071 2204 3118 16
2232 3086 2318 3129 ne3

305 3156 408 3187 neu.
520 3143 579 3185 1⁷
618 3151 831 3201 possun23
856 3152 1052 3201 possent.
1089 3167 1160 3178 --
1207 3145 1325 3191 xlv.
1368 3145 1391 3188 1
1433 3146 1573 3190 Vilice
1599 3169 1659 3178 -
1688 3138 1959 3191 redimentis.
2067 3142 2095 3186 5
2134 3142 2320 3188 evelles.

307 3209 336 3254 6
374 3218 585 3255 moretur.
659 3210 708 3263 (9
747 3214 880 3263 avet.)
957 3211 1013 3255 11
1056 3213 1156 3257 odio
1180 3226 1270 3258 res.

422 3279 478 3323 n.
519 3277 547 3322 8
586 3280 731 3323 fessus
756 3280 985 3337 impingam.
1061 3279 1121 3322 14
1150 3280 1306 3338 globos
1325 3303 1392 3312 —
1417 3280 1625 3339 pyt-rhea.
1702 3281 1763 3324 15
1793 3279 1986 3338 pilleolo.
2064 3277 2126 3323 16
2154 3292 2227 3323 ne.
2250 3300 2317 3311 —

306 3346 423 3390 XIV.
457 3347 533 3391 Ad
557 3347 841 3391 villicum
878 3360 1037 3392 suum
1074 3350 1254 3405 epist.
1286 3348 1367 3393 14.
1399 3370 1460 3382 -
1501 3348 1524 3391 1
1564 3349 1803 3407 sylvarum.
1878 3346 1906 3392 3
1943 3348 2083 3393 beria.
2156 3345 2186 3390 4
2218 3347 2323 3391 ani·

306 3427 377 3457 mo
400 3427 472 3459 ne.
549 3412 578 3458 8
614 3422 661 3459 et
685 3422 842 3460 umen.
918 3413 976 3456 11
1018 3417 1257 3463 nimirum.
