<?xml version="1.0" encoding="UTF-8"?>
<!DOCTYPE html PUBLIC "-//W3C//DTD XHTML 1.0 Transitional//EN"
    "http://www.w3.org/TR/xhtml1/DTD/xhtml1-transitional.dtd">
<html xmlns="http://www.w3.org/1999/xhtml" xml:lang="en" lang="en">
 <head>
  <title>
</title>
<meta http-equiv="Content-Type" content="text/html;charset=utf-8" />
  <meta name='ocr-system' content='tesseract 3.04.00' />
  <meta name='ocr-capabilities' content='ocr_page ocr_carea ocr_par ocr_line ocrx_word'/>
</head>
<body>
  <div class='ocr_page' id='page_1' title='image "./werke06unkngoog_0304.png"; bbox 0 0 2667 3809; ppageno 0'>
   <div class='ocr_carea' id='block_1_1' title="bbox 371 267 1642 327">
    <p class='ocr_par' dir='ltr' id='par_1_1' title="bbox 371 267 1642 327">
     <span class='ocr_line' id='line_1_1' title="bbox 371 267 1642 327; baseline -0.006 0"><span class='ocrx_word' id='word_1_1' title='bbox 371 276 473 327; x_wconf 83' lang='grc'>288</span> <span class='ocrx_word' id='word_1_2' title='bbox 1091 280 1507 322; x_wconf 68' lang='grc' dir='ltr'><strong>ΕΡῙεΤοιΑΒυΜ</strong></span> <span class='ocrx_word' id='word_1_3' title='bbox 1534 267 1642 321; x_wconf 92' lang='grc' dir='ltr'><strong>ΙΙΙ.</strong></span> 
     </span>
    </p>
   </div>
   <div class='ocr_carea' id='block_1_2' title="bbox 365 421 2076 3056">
    <p class='ocr_par' dir='ltr' id='par_1_2' title="bbox 507 421 1866 581">
     <span class='ocr_line' id='line_1_2' title="bbox 514 421 1866 496; baseline -0.004 -17"><span class='ocrx_word' id='word_1_4' title='bbox 514 426 736 496; x_wconf 85' lang='lat' dir='ltr'>dignam</span> <span class='ocrx_word' id='word_1_5' title='bbox 761 424 882 494; x_wconf 86' lang='lat' dir='ltr'>lege</span> <span class='ocrx_word' id='word_1_6' title='bbox 905 424 1021 491; x_wconf 86' lang='lat' dir='ltr'>regi</span> <span class='ocrx_word' id='word_1_7' title='bbox 1042 444 1055 475; x_wconf 71' lang='grc' dir='ltr'><strong><em>ε</em></strong></span> <span class='ocrx_word' id='word_1_8' title='bbox 1093 423 1183 475; x_wconf 85' lang='lat' dir='ltr'>lex</span> <span class='ocrx_word' id='word_1_9' title='bbox 1209 429 1293 474; x_wconf 85' lang='lat' dir='ltr'>est</span> <span class='ocrx_word' id='word_1_10' title='bbox 1315 429 1536 492; x_wconf 85' lang='lat' dir='ltr'>accepta</span> <span class='ocrx_word' id='word_1_11' title='bbox 1561 421 1866 490; x_wconf 88' lang='lat' dir='ltr'>chorusque</span> 
     </span>
     <span class='ocr_line' id='line_1_3' title="bbox 507 507 1654 581; baseline -0.004 -17"><span class='ocrx_word' id='word_1_12' title='bbox 507 511 742 581; x_wconf 80' lang='lat' dir='ltr'>turpiter</span> <span class='ocrx_word' id='word_1_13' title='bbox 766 508 999 562; x_wconf 84' lang='lat' dir='ltr'><strong>obticuit</strong></span> <span class='ocrx_word' id='word_1_14' title='bbox 1023 508 1237 562; x_wconf 85' lang='lat' dir='ltr'>sublato</span> <span class='ocrx_word' id='word_1_15' title='bbox 1262 509 1379 561; x_wconf 91' lang='lat' dir='ltr'>iure</span> <span class='ocrx_word' id='word_1_16' title='bbox 1405 507 1654 562; x_wconf 84' lang='lat' dir='ltr'>nocendi.</span> 
     </span>
    </p>

    <p class='ocr_par' dir='ltr' id='par_1_3' title="bbox 372 592 1892 1005">
     <span class='ocr_line' id='line_1_4' title="bbox 372 592 1609 665; baseline -0.002 -16"><span class='ocrx_word' id='word_1_17' title='bbox 372 604 470 649; x_wconf 84' lang='grc'>285</span> <span class='ocrx_word' id='word_1_18' title='bbox 510 596 590 649; x_wconf 89' lang='lat' dir='ltr'>nil</span> <span class='ocrx_word' id='word_1_19' title='bbox 615 596 943 649; x_wconf 89' lang='lat' dir='ltr'>intentatum</span> <span class='ocrx_word' id='word_1_20' title='bbox 969 595 1141 647; x_wconf 85' lang='lat' dir='ltr'><strong>nostri</strong></span> <span class='ocrx_word' id='word_1_21' title='bbox 1167 592 1375 664; x_wconf 86' lang='lat' dir='ltr'>liquere</span> <span class='ocrx_word' id='word_1_22' title='bbox 1400 601 1609 665; x_wconf 85' lang='lat' dir='ltr'>poetae,</span> 
     </span>
     <span class='ocr_line' id='line_1_5' title="bbox 507 677 1892 749; baseline -0.002 -16"><span class='ocrx_word' id='word_1_23' title='bbox 507 698 607 734; x_wconf 91' lang='lat' dir='ltr'>nec</span> <span class='ocrx_word' id='word_1_24' title='bbox 628 680 912 733; x_wconf 91' lang='lat' dir='ltr'>minimum</span> <span class='ocrx_word' id='word_1_25' title='bbox 938 698 1182 733; x_wconf 87' lang='lat' dir='ltr'>meruere</span> <span class='ocrx_word' id='word_1_26' title='bbox 1208 680 1391 743; x_wconf 74' lang='lat' dir='ltr'>decuS,</span> <span class='ocrx_word' id='word_1_27' title='bbox 1429 679 1660 749; x_wconf 84' lang='lat' dir='ltr'>vestigia</span> <span class='ocrx_word' id='word_1_28' title='bbox 1685 677 1892 732; x_wconf 87' lang='lat' dir='ltr'>Graeca</span> 
     </span>
     <span class='ocr_line' id='line_1_6' title="bbox 508 764 1783 828; baseline -0.005 -7"><span class='ocrx_word' id='word_1_29' title='bbox 508 767 627 821; x_wconf 88' lang='lat' dir='ltr'>ausi</span> <span class='ocrx_word' id='word_1_30' title='bbox 653 767 899 820; x_wconf 85' lang='lat' dir='ltr'>deserere</span> <span class='ocrx_word' id='word_1_31' title='bbox 923 772 979 818; x_wconf 88' lang='lat' dir='ltr'>et</span> <span class='ocrx_word' id='word_1_32' title='bbox 1004 765 1273 818; x_wconf 84' lang='lat' dir='ltr'>celebrare</span> <span class='ocrx_word' id='word_1_33' title='bbox 1298 765 1596 819; x_wconf 87' lang='lat' dir='ltr'>domestica</span> <span class='ocrx_word' id='word_1_34' title='bbox 1623 764 1783 828; x_wconf 84' lang='lat' dir='ltr'>facta,</span> 
     </span>
     <span class='ocr_line' id='line_1_7' title="bbox 505 849 1792 922; baseline -0.004 -17"><span class='ocrx_word' id='word_1_35' title='bbox 505 853 592 906; x_wconf 82' lang='lat' dir='ltr'>vel</span> <span class='ocrx_word' id='word_1_36' title='bbox 618 852 713 922; x_wconf 92' lang='lat' dir='ltr'>qui</span> <span class='ocrx_word' id='word_1_37' title='bbox 737 857 1043 922; x_wconf 84' lang='lat' dir='ltr'>praetextas</span> <span class='ocrx_word' id='word_1_38' title='bbox 1068 849 1156 904; x_wconf 87' lang='lat' dir='ltr'>vel</span> <span class='ocrx_word' id='word_1_39' title='bbox 1181 850 1275 920; x_wconf 94' lang='lat' dir='ltr'>qui</span> <span class='ocrx_word' id='word_1_40' title='bbox 1300 850 1535 903; x_wconf 86' lang='lat' dir='ltr'>docuere</span> <span class='ocrx_word' id='word_1_41' title='bbox 1559 856 1792 919; x_wconf 75' lang='lat' dir='ltr'>togatae.</span> 
     </span>
     <span class='ocr_line' id='line_1_8' title="bbox 505 933 1736 1005; baseline -0.003 -15"><span class='ocrx_word' id='word_1_42' title='bbox 505 955 606 990; x_wconf 92' lang='lat' dir='ltr'>nec</span> <span class='ocrx_word' id='word_1_43' title='bbox 631 938 831 992; x_wconf 77' lang='lat' dir='ltr'>virtute</span> <span class='ocrx_word' id='word_1_44' title='bbox 855 937 998 989; x_wconf 86' lang='lat' dir='ltr'>foret</span> <span class='ocrx_word' id='word_1_45' title='bbox 1023 935 1246 988; x_wconf 86' lang='lat' dir='ltr'>clarisve</span> <span class='ocrx_word' id='word_1_46' title='bbox 1269 934 1550 1005; x_wconf 90' lang='lat' dir='ltr'>potentius</span> <span class='ocrx_word' id='word_1_47' title='bbox 1574 933 1736 988; x_wconf 85' lang='lat' dir='ltr'>armis</span> 
     </span>
    </p>

    <p class='ocr_par' dir='ltr' id='par_1_4' title="bbox 371 1020 1906 1091">
     <span class='ocr_line' id='line_1_9' title="bbox 371 1020 1906 1091; baseline -0.001 -19"><span class='ocrx_word' id='word_1_48' title='bbox 371 1028 470 1074; x_wconf 84' lang='grc'>290</span> <span class='ocrx_word' id='word_1_49' title='bbox 509 1039 671 1091; x_wconf 86' lang='lat' dir='ltr'>quam</span> <span class='ocrx_word' id='word_1_50' title='bbox 696 1021 886 1091; x_wconf 89' lang='lat' dir='ltr'>lingua</span> <span class='ocrx_word' id='word_1_51' title='bbox 910 1021 1146 1084; x_wconf 85' lang='lat' dir='ltr'>Latium,</span> <span class='ocrx_word' id='word_1_52' title='bbox 1181 1021 1227 1073; x_wconf 89' lang='lat' dir='ltr'>si</span> <span class='ocrx_word' id='word_1_53' title='bbox 1250 1037 1363 1073; x_wconf 91' lang='lat' dir='ltr'>non</span> <span class='ocrx_word' id='word_1_54' title='bbox 1390 1020 1687 1073; x_wconf 82' lang='lat' dir='ltr'>offenderet</span> <span class='ocrx_word' id='word_1_55' title='bbox 1711 1037 1906 1072; x_wconf 89' lang='lat' dir='ltr'>unum-</span> 
     </span>
    </p>

    <p class='ocr_par' dir='ltr' id='par_1_5' title="bbox 449 1105 2055 1436">
     <span class='ocr_line' id='line_1_10' title="bbox 449 1105 1932 1176; baseline -0.001 -17"><span class='ocrx_word' id='word_1_56' title='bbox 449 1125 455 1130; x_wconf 85' lang='grc'><em>·</em></span> <span class='ocrx_word' id='word_1_57' title='bbox 508 1124 777 1176; x_wconf 91' lang='lat' dir='ltr'>quemque</span> <span class='ocrx_word' id='word_1_58' title='bbox 799 1113 1081 1176; x_wconf 88' lang='lat' dir='ltr'>poetarum</span> <span class='ocrx_word' id='word_1_59' title='bbox 1106 1105 1267 1158; x_wconf 89' lang='lat' dir='ltr'>limae</span> <span class='ocrx_word' id='word_1_60' title='bbox 1290 1106 1446 1159; x_wconf 91' lang='lat' dir='ltr'>labor</span> <span class='ocrx_word' id='word_1_61' title='bbox 1469 1112 1522 1158; x_wconf 92' lang='lat' dir='ltr'>et</span> <span class='ocrx_word' id='word_1_62' title='bbox 1547 1123 1715 1158; x_wconf 88' lang='lat' dir='ltr'>mora.</span> <span class='ocrx_word' id='word_1_63' title='bbox 1754 1122 1869 1168; x_wconf 77' lang='lat' dir='ltr'>vos,</span> <span class='ocrx_word' id='word_1_64' title='bbox 1899 1122 1932 1157; x_wconf 95' lang='lat' dir='ltr'>o</span> 
     </span>
     <span class='ocr_line' id='line_1_11' title="bbox 505 1190 2055 1262; baseline -0.002 -18"><span class='ocrx_word' id='word_1_65' title='bbox 505 1192 808 1262; x_wconf 82' lang='lat' dir='ltr'>Pompilius</span> <span class='ocrx_word' id='word_1_66' title='bbox 833 1191 1073 1260; x_wconf 74' lang='lat' dir='ltr'>sanguiS,</span> <span class='ocrx_word' id='word_1_67' title='bbox 1105 1208 1319 1243; x_wconf 87' lang='lat' dir='ltr'>carmen</span> <span class='ocrx_word' id='word_1_68' title='bbox 1344 1190 1742 1262; x_wconf 79' lang='lat' dir='ltr'>reprehendite,</span> <span class='ocrx_word' id='word_1_69' title='bbox 1774 1190 1921 1260; x_wconf 89' lang='lat' dir='ltr'>quod</span> <span class='ocrx_word' id='word_1_70' title='bbox 1944 1206 2055 1242; x_wconf 89' lang='lat' dir='ltr'>non</span> 
     </span>
     <span class='ocr_line' id='line_1_12' title="bbox 506 1276 1740 1345; baseline -0.002 -14"><span class='ocrx_word' id='word_1_71' title='bbox 506 1278 680 1331; x_wconf 86' lang='lat' dir='ltr'>multa</span> <span class='ocrx_word' id='word_1_72' title='bbox 704 1277 818 1331; x_wconf 87' lang='lat' dir='ltr'>dies</span> <span class='ocrx_word' id='word_1_73' title='bbox 844 1284 900 1329; x_wconf 92' lang='lat' dir='ltr'>et</span> <span class='ocrx_word' id='word_1_74' title='bbox 923 1276 1098 1329; x_wconf 91' lang='lat' dir='ltr'>multa</span> <span class='ocrx_word' id='word_1_75' title='bbox 1121 1276 1286 1330; x_wconf 88' lang='lat' dir='ltr'>litura</span> <span class='ocrx_word' id='word_1_76' title='bbox 1311 1276 1553 1329; x_wconf 85' lang='lat' dir='ltr'>coercuit</span> <span class='ocrx_word' id='word_1_77' title='bbox 1575 1284 1740 1345; x_wconf 88' lang='lat' dir='ltr'>atque</span> 
     </span>
     <span class='ocr_line' id='line_1_13' title="bbox 506 1362 1833 1436; baseline -0.004 -19"><span class='ocrx_word' id='word_1_78' title='bbox 506 1364 804 1434; x_wconf 84' lang='lat' dir='ltr'>perfectum</span> <span class='ocrx_word' id='word_1_79' title='bbox 830 1362 1007 1415; x_wconf 86' lang='lat' dir='ltr'>decies</span> <span class='ocrx_word' id='word_1_80' title='bbox 1032 1379 1142 1415; x_wconf 90' lang='lat' dir='ltr'>non</span> <span class='ocrx_word' id='word_1_81' title='bbox 1169 1362 1457 1436; x_wconf 82' lang='lat' dir='ltr'>castigavit</span> <span class='ocrx_word' id='word_1_82' title='bbox 1480 1362 1550 1415; x_wconf 87' lang='lat' dir='ltr'>ad</span> <span class='ocrx_word' id='word_1_83' title='bbox 1574 1377 1833 1431; x_wconf 88' lang='lat' dir='ltr'>unguem.</span> 
     </span>
    </p>

    <p class='ocr_par' dir='ltr' id='par_1_6' title="bbox 365 1447 2076 3056">
     <span class='ocr_line' id='line_1_14' title="bbox 372 1447 1667 1519; baseline 0 -20"><span class='ocrx_word' id='word_1_84' title='bbox 372 1455 469 1500; x_wconf 81' lang='lat'>295</span> <span class='ocrx_word' id='word_1_85' title='bbox 508 1448 801 1519; x_wconf 78' lang='lat' dir='ltr'>ingenium</span> <span class='ocrx_word' id='word_1_86' title='bbox 826 1447 1022 1500; x_wconf 87' lang='lat' dir='ltr'>misera</span> <span class='ocrx_word' id='word_1_87' title='bbox 1047 1447 1175 1517; x_wconf 90' lang='lat' dir='ltr'>quia</span> <span class='ocrx_word' id='word_1_88' title='bbox 1198 1447 1528 1501; x_wconf 83' lang='lat' dir='ltr'>fortunatius</span> <span class='ocrx_word' id='word_1_89' title='bbox 1553 1453 1667 1499; x_wconf 91' lang='lat' dir='ltr'>arte</span> 
     </span>
     <span class='ocr_line' id='line_1_15' title="bbox 512 1532 1722 1602; baseline -0.002 -15"><span class='ocrx_word' id='word_1_90' title='bbox 512 1535 685 1587; x_wconf 89' lang='lat' dir='ltr'>credit</span> <span class='ocrx_word' id='word_1_91' title='bbox 709 1540 764 1586; x_wconf 90' lang='lat' dir='ltr'>et</span> <span class='ocrx_word' id='word_1_92' title='bbox 787 1532 1032 1587; x_wconf 88' lang='lat' dir='ltr'>excludit</span> <span class='ocrx_word' id='word_1_93' title='bbox 1056 1550 1215 1585; x_wconf 87' lang='lat' dir='ltr'>sanos</span> <span class='ocrx_word' id='word_1_94' title='bbox 1241 1532 1511 1585; x_wconf 90' lang='lat' dir='ltr'>Helicone</span> <span class='ocrx_word' id='word_1_95' title='bbox 1535 1538 1722 1602; x_wconf 86' lang='lat' dir='ltr'>poetas</span> 
     </span>
     <span class='ocr_line' id='line_1_16' title="bbox 504 1619 1986 1688; baseline -0.003 -15"><span class='ocrx_word' id='word_1_96' title='bbox 504 1620 871 1684; x_wconf 78' lang='lat' dir='ltr'>DemocrituS,</span> <span class='ocrx_word' id='word_1_97' title='bbox 900 1619 1045 1672; x_wconf 86' lang='lat' dir='ltr'>bona</span> <span class='ocrx_word' id='word_1_98' title='bbox 1069 1636 1192 1688; x_wconf 86' lang='lat' dir='ltr'>pars</span> <span class='ocrx_word' id='word_1_99' title='bbox 1216 1635 1327 1671; x_wconf 89' lang='lat' dir='ltr'>non</span> <span class='ocrx_word' id='word_1_100' title='bbox 1355 1634 1568 1688; x_wconf 86' lang='lat' dir='ltr'>ungues</span> <span class='ocrx_word' id='word_1_101' title='bbox 1592 1633 1795 1688; x_wconf 90' lang='lat' dir='ltr'>ponere</span> <span class='ocrx_word' id='word_1_102' title='bbox 1819 1623 1986 1681; x_wconf 86' lang='lat' dir='ltr'>curat,</span> 
     </span>
     <span class='ocr_line' id='line_1_17' title="bbox 503 1702 1845 1774; baseline -0.001 -18"><span class='ocrx_word' id='word_1_103' title='bbox 503 1722 615 1758; x_wconf 92' lang='lat' dir='ltr'>non</span> <span class='ocrx_word' id='word_1_104' title='bbox 638 1704 879 1768; x_wconf 81' lang='lat' dir='ltr'>barbam,</span> <span class='ocrx_word' id='word_1_105' title='bbox 913 1712 1119 1757; x_wconf 86' lang='lat' dir='ltr'>secreta</span> <span class='ocrx_word' id='word_1_106' title='bbox 1143 1705 1281 1774; x_wconf 91' lang='lat' dir='ltr'>petit</span> <span class='ocrx_word' id='word_1_107' title='bbox 1305 1705 1441 1767; x_wconf 89' lang='lat' dir='ltr'>loca,</span> <span class='ocrx_word' id='word_1_108' title='bbox 1470 1703 1666 1756; x_wconf 87' lang='lat' dir='ltr'>balnea</span> <span class='ocrx_word' id='word_1_109' title='bbox 1690 1702 1845 1756; x_wconf 86' lang='lat' dir='ltr'>vitat.</span> 
     </span>
     <span class='ocr_line' id='line_1_18' title="bbox 503 1789 1841 1859; baseline -0.001 -16"><span class='ocrx_word' id='word_1_110' title='bbox 503 1791 846 1843; x_wconf 85' lang='lat' dir='ltr'>nanciscetur</span> <span class='ocrx_word' id='word_1_111' title='bbox 870 1789 1013 1841; x_wconf 90' lang='lat' dir='ltr'>enim</span> <span class='ocrx_word' id='word_1_112' title='bbox 1039 1790 1273 1858; x_wconf 89' lang='lat' dir='ltr'>pretium</span> <span class='ocrx_word' id='word_1_113' title='bbox 1299 1806 1607 1859; x_wconf 86' lang='lat' dir='ltr'>nomenque</span> <span class='ocrx_word' id='word_1_114' title='bbox 1632 1794 1841 1858; x_wconf 89' lang='lat' dir='ltr'>poetae,</span> 
     </span>
     <span class='ocr_line' id='line_1_19' title="bbox 369 1874 1869 1944; baseline -0.001 -18"><span class='ocrx_word' id='word_1_115' title='bbox 369 1880 466 1926; x_wconf 88' lang='grc'>300</span> <span class='ocrx_word' id='word_1_116' title='bbox 505 1875 551 1927; x_wconf 86' lang='lat' dir='ltr'>si</span> <span class='ocrx_word' id='word_1_117' title='bbox 575 1874 751 1927; x_wconf 88' lang='lat' dir='ltr'>tribus</span> <span class='ocrx_word' id='word_1_118' title='bbox 775 1874 1052 1944; x_wconf 87' lang='lat' dir='ltr'>Anticyris</span> <span class='ocrx_word' id='word_1_119' title='bbox 1077 1882 1240 1944; x_wconf 86' lang='lat' dir='ltr'>caput</span> <span class='ocrx_word' id='word_1_120' title='bbox 1263 1875 1565 1929; x_wconf 85' lang='lat' dir='ltr'>insanabile</span> <span class='ocrx_word' id='word_1_121' title='bbox 1592 1889 1869 1943; x_wconf 87' lang='lat' dir='ltr'>nunquam</span> 
     </span>
     <span class='ocr_line' id='line_1_20' title="bbox 501 1959 1731 2030; baseline -0.001 -18"><span class='ocrx_word' id='word_1_122' title='bbox 501 1959 712 2012; x_wconf 87' lang='lat' dir='ltr'>tonsori</span> <span class='ocrx_word' id='word_1_123' title='bbox 736 1959 928 2011; x_wconf 90' lang='lat' dir='ltr'>Licino</span> <span class='ocrx_word' id='word_1_124' title='bbox 955 1960 1301 2012; x_wconf 89' lang='lat' dir='ltr'>commiserit.</span> <span class='ocrx_word' id='word_1_125' title='bbox 1342 1979 1375 2013; x_wconf 96' lang='lat' dir='ltr'>o</span> <span class='ocrx_word' id='word_1_126' title='bbox 1400 1978 1504 2030; x_wconf 88' lang='lat' dir='ltr'>ego</span> <span class='ocrx_word' id='word_1_127' title='bbox 1529 1961 1731 2023; x_wconf 87' lang='lat' dir='ltr'>laevus,</span> 
     </span>
     <span class='ocr_line' id='line_1_21' title="bbox 503 2043 1852 2116; baseline 0 -20"><span class='ocrx_word' id='word_1_128' title='bbox 503 2044 598 2114; x_wconf 90' lang='lat' dir='ltr'>qui</span> <span class='ocrx_word' id='word_1_129' title='bbox 623 2061 829 2113; x_wconf 86' lang='lat' dir='ltr'>purgor</span> <span class='ocrx_word' id='word_1_130' title='bbox 852 2043 1017 2096; x_wconf 92' lang='lat' dir='ltr'>bilem</span> <span class='ocrx_word' id='word_1_131' title='bbox 1042 2044 1145 2096; x_wconf 86' lang='lat' dir='ltr'>sub</span> <span class='ocrx_word' id='word_1_132' title='bbox 1169 2047 1321 2098; x_wconf 84' lang='lat' dir='ltr'>verni</span> <span class='ocrx_word' id='word_1_133' title='bbox 1347 2045 1606 2116; x_wconf 86' lang='lat' dir='ltr'>temporis</span> <span class='ocrx_word' id='word_1_134' title='bbox 1633 2044 1852 2097; x_wconf 80' lang='lat' dir='ltr'>horam!</span> 
     </span>
     <span class='ocr_line' id='line_1_22' title="bbox 502 2128 1765 2201; baseline 0 -20"><span class='ocrx_word' id='word_1_135' title='bbox 502 2146 615 2182; x_wconf 89' lang='lat' dir='ltr'>non</span> <span class='ocrx_word' id='word_1_136' title='bbox 639 2129 778 2182; x_wconf 87' lang='lat' dir='ltr'>alius</span> <span class='ocrx_word' id='word_1_137' title='bbox 802 2128 1002 2184; x_wconf 84' lang='lat' dir='ltr'>faceret</span> <span class='ocrx_word' id='word_1_138' title='bbox 1025 2131 1249 2184; x_wconf 88' lang='lat' dir='ltr'>meliora</span> <span class='ocrx_word' id='word_1_139' title='bbox 1270 2139 1539 2201; x_wconf 85' lang='lat' dir='ltr'>poemata.</span> <span class='ocrx_word' id='word_1_140' title='bbox 1578 2147 1765 2184; x_wconf 82' lang='lat' dir='ltr'>verum</span> 
     </span>
     <span class='ocr_line' id='line_1_23' title="bbox 501 2214 1849 2286; baseline 0 -19"><span class='ocrx_word' id='word_1_141' title='bbox 501 2214 581 2267; x_wconf 90' lang='lat' dir='ltr'>nil</span> <span class='ocrx_word' id='word_1_142' title='bbox 604 2215 746 2268; x_wconf 86' lang='lat' dir='ltr'>tanti</span> <span class='ocrx_word' id='word_1_143' title='bbox 770 2220 853 2268; x_wconf 87' lang='lat' dir='ltr'>est</span> <span class='ocrx_word' id='word_1_144' title='bbox 867 2237 881 2280; x_wconf 79' lang='lat'>3</span> <span class='ocrx_word' id='word_1_145' title='bbox 921 2232 1053 2285; x_wconf 86' lang='lat' dir='ltr'>ergo</span> <span class='ocrx_word' id='word_1_146' title='bbox 1078 2215 1277 2286; x_wconf 84' lang='lat' dir='ltr'>fungar</span> <span class='ocrx_word' id='word_1_147' title='bbox 1301 2216 1420 2269; x_wconf 75' lang='lat' dir='ltr'>vice</span> <span class='ocrx_word' id='word_1_148' title='bbox 1445 2216 1599 2280; x_wconf 77' lang='lat' dir='ltr'>cotie,</span> <span class='ocrx_word' id='word_1_149' title='bbox 1628 2222 1849 2268; x_wconf 86' lang='lat' dir='ltr'>acutum</span> 
     </span>
     <span class='ocr_line' id='line_1_24' title="bbox 368 2299 1935 2370; baseline 0.001 -20"><span class='ocrx_word' id='word_1_150' title='bbox 368 2304 465 2350; x_wconf 83' lang='lat'>305</span> <span class='ocrx_word' id='word_1_151' title='bbox 502 2299 729 2353; x_wconf 88' lang='lat' dir='ltr'>reddere</span> <span class='ocrx_word' id='word_1_152' title='bbox 753 2317 891 2370; x_wconf 88' lang='lat' dir='ltr'>quae</span> <span class='ocrx_word' id='word_1_153' title='bbox 915 2300 1115 2354; x_wconf 84' lang='lat' dir='ltr'>ferrum</span> <span class='ocrx_word' id='word_1_154' title='bbox 1141 2301 1304 2366; x_wconf 86' lang='lat' dir='ltr'>valet,</span> <span class='ocrx_word' id='word_1_155' title='bbox 1333 2317 1522 2354; x_wconf 80' lang='lat' dir='ltr'>exsors</span> <span class='ocrx_word' id='word_1_156' title='bbox 1546 2301 1664 2370; x_wconf 87' lang='lat' dir='ltr'>ipsa</span> <span class='ocrx_word' id='word_1_157' title='bbox 1688 2299 1935 2363; x_wconf 79' lang='lat' dir='ltr'>secandi3</span> 
     </span>
     <span class='ocr_line' id='line_1_25' title="bbox 501 2381 1810 2456; baseline -0.001 -18"><span class='ocrx_word' id='word_1_158' title='bbox 501 2381 701 2439; x_wconf 85' lang='lat' dir='ltr'>munus</span> <span class='ocrx_word' id='word_1_159' title='bbox 727 2392 782 2439; x_wconf 87' lang='lat' dir='ltr'>et</span> <span class='ocrx_word' id='word_1_160' title='bbox 806 2385 1043 2439; x_wconf 85' lang='lat' dir='ltr'>officium</span> <span class='ocrx_word' id='word_1_161' title='bbox 1069 2388 1149 2440; x_wconf 91' lang='lat' dir='ltr'>nil</span> <span class='ocrx_word' id='word_1_162' title='bbox 1173 2387 1413 2441; x_wconf 86' lang='lat' dir='ltr'>scribens</span> <span class='ocrx_word' id='word_1_163' title='bbox 1443 2388 1560 2456; x_wconf 81' lang='lat' dir='ltr'>ipse</span> <span class='ocrx_word' id='word_1_164' title='bbox 1585 2385 1810 2449; x_wconf 90' lang='lat' dir='ltr'>docebo,</span> 
     </span>
     <span class='ocr_line' id='line_1_26' title="bbox 500 2472 1986 2542; baseline 0 -19"><span class='ocrx_word' id='word_1_165' title='bbox 500 2472 647 2524; x_wconf 91' lang='lat' dir='ltr'>unde</span> <span class='ocrx_word' id='word_1_166' title='bbox 671 2479 931 2542; x_wconf 90' lang='lat' dir='ltr'>parentur</span> <span class='ocrx_word' id='word_1_167' title='bbox 954 2489 1102 2541; x_wconf 91' lang='lat' dir='ltr'>opes,</span> <span class='ocrx_word' id='word_1_168' title='bbox 1133 2472 1266 2542; x_wconf 89' lang='lat' dir='ltr'>quid</span> <span class='ocrx_word' id='word_1_169' title='bbox 1291 2472 1402 2524; x_wconf 86' lang='lat' dir='ltr'>alat</span> <span class='ocrx_word' id='word_1_170' title='bbox 1424 2472 1728 2541; x_wconf 84' lang='lat' dir='ltr'>formetque</span> <span class='ocrx_word' id='word_1_171' title='bbox 1754 2477 1986 2541; x_wconf 87' lang='lat' dir='ltr'>poetam,</span> 
     </span>
     <span class='ocr_line' id='line_1_27' title="bbox 500 2556 2053 2627; baseline -0.001 -18"><span class='ocrx_word' id='word_1_172' title='bbox 500 2556 633 2626; x_wconf 90' lang='lat' dir='ltr'>quid</span> <span class='ocrx_word' id='word_1_173' title='bbox 659 2557 863 2622; x_wconf 88' lang='lat' dir='ltr'>deceat,</span> <span class='ocrx_word' id='word_1_174' title='bbox 893 2558 1027 2627; x_wconf 92' lang='lat' dir='ltr'>quid</span> <span class='ocrx_word' id='word_1_175' title='bbox 1050 2575 1159 2611; x_wconf 90' lang='lat' dir='ltr'>non</span> <span class='ocrx_word' id='word_1_176' title='bbox 1180 2580 1193 2622; x_wconf 84' lang='lat'><em>3</em></span> <span class='ocrx_word' id='word_1_177' title='bbox 1233 2575 1344 2627; x_wconf 92' lang='lat' dir='ltr'>quo</span> <span class='ocrx_word' id='word_1_178' title='bbox 1370 2558 1560 2621; x_wconf 82' lang='lat' dir='ltr'>virtus,</span> <span class='ocrx_word' id='word_1_179' title='bbox 1591 2573 1700 2626; x_wconf 90' lang='lat' dir='ltr'>quo</span> <span class='ocrx_word' id='word_1_180' title='bbox 1725 2556 1863 2609; x_wconf 88' lang='lat' dir='ltr'>ferat</span> <span class='ocrx_word' id='word_1_181' title='bbox 1887 2573 2053 2610; x_wconf 91' lang='lat' dir='ltr'>error.</span> 
     </span>
     <span class='ocr_line' id='line_1_28' title="bbox 498 2640 1949 2713; baseline 0.001 -20"><span class='ocrx_word' id='word_1_182' title='bbox 498 2640 781 2695; x_wconf 88' lang='lat' dir='ltr'>Scribendi</span> <span class='ocrx_word' id='word_1_183' title='bbox 804 2651 951 2696; x_wconf 86' lang='lat' dir='ltr'>recte</span> <span class='ocrx_word' id='word_1_184' title='bbox 976 2661 1161 2713; x_wconf 86' lang='lat' dir='ltr'>sapere</span> <span class='ocrx_word' id='word_1_185' title='bbox 1187 2651 1271 2697; x_wconf 90' lang='lat' dir='ltr'>est</span> <span class='ocrx_word' id='word_1_186' title='bbox 1294 2652 1353 2696; x_wconf 89' lang='lat' dir='ltr'>et</span> <span class='ocrx_word' id='word_1_187' title='bbox 1375 2642 1701 2712; x_wconf 85' lang='lat' dir='ltr'>principium</span> <span class='ocrx_word' id='word_1_188' title='bbox 1729 2649 1783 2696; x_wconf 92' lang='lat' dir='ltr'>et</span> <span class='ocrx_word' id='word_1_189' title='bbox 1806 2642 1949 2695; x_wconf 88' lang='lat' dir='ltr'>fons.</span> 
     </span>
     <span class='ocr_line' id='line_1_29' title="bbox 365 2723 1982 2798; baseline 0.004 -23"><span class='ocrx_word' id='word_1_190' title='bbox 365 2729 462 2776; x_wconf 83' lang='lat'>310</span> <span class='ocrx_word' id='word_1_191' title='bbox 499 2728 612 2778; x_wconf 84' lang='lat' dir='ltr'>rem</span> <span class='ocrx_word' id='word_1_192' title='bbox 638 2727 740 2779; x_wconf 87' lang='lat' dir='ltr'>tibi</span> <span class='ocrx_word' id='word_1_193' title='bbox 767 2727 1071 2782; x_wconf 81' lang='lat' dir='ltr'>Socraticae</span> <span class='ocrx_word' id='word_1_194' title='bbox 1095 2735 1355 2798; x_wconf 85' lang='lat' dir='ltr'>poterunt</span> <span class='ocrx_word' id='word_1_195' title='bbox 1379 2728 1665 2781; x_wconf 85' lang='lat' dir='ltr'>ostendere</span> <span class='ocrx_word' id='word_1_196' title='bbox 1690 2728 1922 2793; x_wconf 87' lang='lat' dir='ltr'>chartae,</span> <span class='ocrx_word' id='word_1_197' title='bbox 1977 2723 1982 2728; x_wconf 64' lang='grc'>’</span> 
     </span>
     <span class='ocr_line' id='line_1_30' title="bbox 497 2812 1877 2883; baseline 0.001 -19"><span class='ocrx_word' id='word_1_198' title='bbox 497 2812 768 2883; x_wconf 82' lang='lat' dir='ltr'>verbaque</span> <span class='ocrx_word' id='word_1_199' title='bbox 791 2814 1061 2882; x_wconf 84' lang='lat' dir='ltr'>provisam</span> <span class='ocrx_word' id='word_1_200' title='bbox 1086 2830 1199 2866; x_wconf 89' lang='lat' dir='ltr'>rem</span> <span class='ocrx_word' id='word_1_201' title='bbox 1225 2830 1338 2867; x_wconf 92' lang='lat' dir='ltr'>non</span> <span class='ocrx_word' id='word_1_202' title='bbox 1363 2813 1536 2867; x_wconf 77' lang='lat' dir='ltr'>invita</span> <span class='ocrx_word' id='word_1_203' title='bbox 1560 2821 1877 2883; x_wconf 81' lang='lat' dir='ltr'>sequentur.</span> 
     </span>
     <span class='ocr_line' id='line_1_31' title="bbox 497 2895 1912 2969; baseline 0.002 -21"><span class='ocrx_word' id='word_1_204' title='bbox 497 2896 591 2965; x_wconf 90' lang='lat' dir='ltr'>qui</span> <span class='ocrx_word' id='word_1_205' title='bbox 615 2897 824 2963; x_wconf 89' lang='lat' dir='ltr'>didicit,</span> <span class='ocrx_word' id='word_1_206' title='bbox 860 2899 1067 2969; x_wconf 89' lang='lat' dir='ltr'>patriae</span> <span class='ocrx_word' id='word_1_207' title='bbox 1091 2895 1226 2968; x_wconf 90' lang='lat' dir='ltr'>quid</span> <span class='ocrx_word' id='word_1_208' title='bbox 1250 2899 1447 2952; x_wconf 88' lang='lat' dir='ltr'>debeat</span> <span class='ocrx_word' id='word_1_209' title='bbox 1470 2906 1527 2953; x_wconf 90' lang='lat' dir='ltr'>et</span> <span class='ocrx_word' id='word_1_210' title='bbox 1550 2899 1684 2969; x_wconf 91' lang='lat' dir='ltr'>quid</span> <span class='ocrx_word' id='word_1_211' title='bbox 1706 2899 1912 2964; x_wconf 89' lang='lat' dir='ltr'>amicis,</span> 
     </span>
     <span class='ocr_line' id='line_1_32' title="bbox 498 2982 2076 3056; baseline 0.004 -24"><span class='ocrx_word' id='word_1_212' title='bbox 498 2997 606 3050; x_wconf 92' lang='lat' dir='ltr'>quo</span> <span class='ocrx_word' id='word_1_213' title='bbox 632 2982 704 3034; x_wconf 85' lang='lat' dir='ltr'>sit</span> <span class='ocrx_word' id='word_1_214' title='bbox 726 3000 906 3036; x_wconf 84' lang='lat' dir='ltr'>amore</span> <span class='ocrx_word' id='word_1_215' title='bbox 931 3001 1141 3054; x_wconf 73' lang='lat' dir='ltr'>parenS,</span> <span class='ocrx_word' id='word_1_216' title='bbox 1174 3001 1280 3053; x_wconf 93' lang='lat' dir='ltr'>quo</span> <span class='ocrx_word' id='word_1_217' title='bbox 1306 2984 1471 3038; x_wconf 89' lang='lat' dir='ltr'>frater</span> <span class='ocrx_word' id='word_1_218' title='bbox 1494 2984 1758 3038; x_wconf 88' lang='lat' dir='ltr'>amandus</span> <span class='ocrx_word' id='word_1_219' title='bbox 1782 2991 1838 3038; x_wconf 92' lang='lat' dir='ltr'>et</span> <span class='ocrx_word' id='word_1_220' title='bbox 1860 2984 2076 3056; x_wconf 86' lang='lat' dir='ltr'>hospes,</span> 
     </span>
    </p>
   </div>
   <div class='ocr_carea' id='block_1_3' title="bbox 360 3137 2382 3470">
    <p class='ocr_par' dir='ltr' id='par_1_7' title="bbox 360 3137 2382 3270">
     <span class='ocr_line' id='line_1_33' title="bbox 496 3137 2382 3206; baseline 0.005 -23"><span class='ocrx_word' id='word_1_221' title='bbox 496 3141 550 3184; x_wconf 82' lang='grc' dir='ltr'>Α.</span> <span class='ocrx_word' id='word_1_222' title='bbox 588 3137 686 3183; x_wconf 78' lang='grc'>285</span> <span class='ocrx_word' id='word_1_223' title='bbox 715 3143 1024 3199; x_wconf 72' lang='lat' dir='ltr'>intemptatum.</span> <span class='ocrx_word' id='word_1_224' title='bbox 1098 3142 1197 3188; x_wconf 88' lang='grc'>289</span> <span class='ocrx_word' id='word_1_225' title='bbox 1223 3146 1460 3205; x_wconf 78' lang='lat' dir='ltr'>clarisque.</span> <span class='ocrx_word' id='word_1_226' title='bbox 1536 3144 1634 3191; x_wconf 87' lang='grc'>294</span> <span class='ocrx_word' id='word_1_227' title='bbox 1660 3155 1950 3206; x_wconf 71' lang='lat' dir='ltr'>praesectum.</span> <span class='ocrx_word' id='word_1_228' title='bbox 2013 3144 2110 3191; x_wconf 82' lang='grc'>302</span> <span class='ocrx_word' id='word_1_229' title='bbox 2136 3160 2382 3206; x_wconf 75' lang='lat' dir='ltr'>pur-go—</span> 
     </span>
     <span class='ocr_line' id='line_1_34' title="bbox 360 3205 1254 3270; baseline 0.008 -20"><span class='ocrx_word' id='word_1_230' title='bbox 360 3209 482 3252; x_wconf 73' lang='lat' dir='ltr'>liora.</span> <span class='ocrx_word' id='word_1_231' title='bbox 558 3205 653 3250; x_wconf 70' lang='lat'>304</span> <span class='ocrx_word' id='word_1_232' title='bbox 694 3209 870 3265; x_wconf 77' lang='lat' dir='ltr'>fungor.</span> <span class='ocrx_word' id='word_1_233' title='bbox 943 3208 1040 3253; x_wconf 84' lang='lat'>305</span> <span class='ocrx_word' id='word_1_234' title='bbox 1066 3225 1254 3270; x_wconf 77' lang='lat' dir='ltr'>expers.</span> 
     </span>
    </p>

    <p class='ocr_par' dir='ltr' id='par_1_8' title="bbox 361 3273 2380 3470">
     <span class='ocr_line' id='line_1_35' title="bbox 495 3273 2380 3343; baseline 0.006 -25"><span class='ocrx_word' id='word_1_235' title='bbox 495 3277 545 3319; x_wconf 91' lang='grc' dir='ltr'>Β.</span> <span class='ocrx_word' id='word_1_236' title='bbox 588 3273 684 3319; x_wconf 83' lang='grc'>283</span> <span class='ocrx_word' id='word_1_237' title='bbox 713 3277 821 3320; x_wconf 77' lang='lat' dir='ltr'>haec</span> <span class='ocrx_word' id='word_1_238' title='bbox 845 3284 912 3321; x_wconf 77' lang='lat' dir='ltr'>est</span> <span class='ocrx_word' id='word_1_239' title='bbox 935 3287 1126 3336; x_wconf 63' lang='lat' dir='ltr'>accepta.</span> <span class='ocrx_word' id='word_1_240' title='bbox 1200 3278 1296 3325; x_wconf 87' lang='grc'>285</span> <span class='ocrx_word' id='word_1_241' title='bbox 1325 3283 1658 3339; x_wconf 59' lang='lat' dir='ltr'>intemptatum„</span> <span class='ocrx_word' id='word_1_242' title='bbox 1712 3281 1808 3328; x_wconf 84' lang='lat'>285</span> <span class='ocrx_word' id='word_1_243' title='bbox 1835 3285 2053 3343; x_wconf 81' lang='lat' dir='ltr'>linquere.</span> <span class='ocrx_word' id='word_1_244' title='bbox 2127 3281 2231 3327; x_wconf 84' lang='lat'>288</span> <span class='ocrx_word' id='word_1_245' title='bbox 2264 3298 2380 3342; x_wconf 79' lang='lat' dir='ltr'>pro-</span> 
     </span>
     <span class='ocr_line' id='line_1_36' title="bbox 361 3340 2375 3402; baseline 0.005 -17"><span class='ocrx_word' id='word_1_246' title='bbox 361 3351 519 3402; x_wconf 69' lang='lat' dir='ltr'>textaq.</span> <span class='ocrx_word' id='word_1_247' title='bbox 593 3340 691 3386; x_wconf 81' lang='lat'>293</span> <span class='ocrx_word' id='word_1_248' title='bbox 728 3343 895 3387; x_wconf 72' lang='lat' dir='ltr'>littura.</span> <span class='ocrx_word' id='word_1_249' title='bbox 973 3342 1070 3389; x_wconf 87' lang='grc'>299</span> <span class='ocrx_word' id='word_1_250' title='bbox 1109 3347 1339 3393; x_wconf 74' lang='lat' dir='ltr'>Nascetur.</span> <span class='ocrx_word' id='word_1_251' title='bbox 1413 3348 1510 3394; x_wconf 83' lang='grc'>300</span> <span class='ocrx_word' id='word_1_252' title='bbox 1548 3343 1769 3398; x_wconf 60' lang='lat' dir='ltr'>antinoi-is.</span> <span class='ocrx_word' id='word_1_253' title='bbox 1857 3350 1951 3397; x_wconf 87' lang='grc'>301</span> <span class='ocrx_word' id='word_1_254' title='bbox 1995 3353 2190 3399; x_wconf 64' lang='lat' dir='ltr'>&#39;tonsuri</span> <span class='ocrx_word' id='word_1_255' title='bbox 2216 3375 2284 3384; x_wconf 90' lang='lat'>·—-</span> <span class='ocrx_word' id='word_1_256' title='bbox 2312 3353 2375 3396; x_wconf 81' lang='lat' dir='ltr'>oh</span> 
     </span>
     <span class='ocr_line' id='line_1_37' title="bbox 363 3407 1627 3470; baseline 0.01 -18"><span class='ocrx_word' id='word_1_257' title='bbox 363 3423 461 3466; x_wconf 75' lang='lat' dir='ltr'>ego.</span> <span class='ocrx_word' id='word_1_258' title='bbox 535 3407 634 3454; x_wconf 80' lang='lat'>304</span> <span class='ocrx_word' id='word_1_259' title='bbox 672 3411 851 3469; x_wconf 74' lang='lat' dir='ltr'>fungor.</span> <span class='ocrx_word' id='word_1_260' title='bbox 925 3408 1023 3455; x_wconf 78' lang='lat'>305</span> <span class='ocrx_word' id='word_1_261' title='bbox 1061 3427 1209 3459; x_wconf 79' lang='lat' dir='ltr'>exors.</span> <span class='ocrx_word' id='word_1_262' title='bbox 1283 3414 1381 3460; x_wconf 85' lang='grc'>310</span> <span class='ocrx_word' id='word_1_263' title='bbox 1418 3427 1580 3470; x_wconf 74' lang='lat' dir='ltr'>cartae.</span> <span class='ocrx_word' id='word_1_264' title='bbox 1620 3427 1627 3441; x_wconf 70' lang='lat'><em>⁴</em></span> 
     </span>
    </p>
   </div>
  </div>
 </body>
</html>
