2667 3809
335 260 441 311 264
1049 266 1468 311 unstromntm
1491 257 1570 323 11,
1600 260 1653 312 2.

475 429 601 465 cum
626 416 839 482 segetes
864 415 1018 465 occat
1039 408 1145 464 tibi
1167 429 1298 464 mox
1320 411 1597 467 frumenta
1620 411 1860 477 daturas,

473 502 530 549 te
555 495 837 549 dominum
861 496 1050 551 sentit.
1089 497 1187 551 das
1210 515 1483 564 nummos,
1511 497 1712 568 accipis
1736 515 1917 562 uvam,

473 581 672 651 pullos,
701 598 821 646 ova,
850 582 1045 635 cadum
1071 583 1291 637 temetie
1331 601 1527 653 nempe
1551 583 1715 636 modo
1740 583 1847 637 isto

471 664 759 736 paullatim
782 666 1036 720 mercaris
1060 684 1253 737 agrum
1278 668 1506 723 fortasse
1535 668 1794 722 trecentis

340 756 436 802 165
473 756 574 805 aut
596 750 762 805 etiam
786 769 951 822 supra
974 770 1324 808 nummorum
1348 753 1571 809 milibus
1597 759 1860 824 emptum.

472 837 612 907 quid
630 837 812 902 refert,
839 837 991 891 vivas
1015 846 1299 893 numerato
1325 856 1502 910 nuper
1525 857 1595 893 an
1620 839 1792 894 olim?

472 922 706 992 Emptor
729 920 943 976 Aricini
968 923 1244 992 quondam
1268 924 1515 978 Veientis
1540 931 1596 979 et
1621 925 1736 980 arvi

475 1012 718 1076 emptum
745 1014 937 1062 coenat
963 1007 1101 1073 olus,
1139 1009 1388 1079 quamvis
1410 1009 1570 1065 aliter
1591 1015 1782 1080 putat;
1824 1010 2021 1082 emptis

471 1091 575 1144 sub
598 1097 814 1146 noctem
838 1091 1078 1165 gelidam
1100 1092 1267 1164 lignis
1292 1094 1575 1148 calefactat
1597 1098 1826 1159 aenum3

338 1182 435 1229 170
472 1176 570 1232 sed
591 1183 751 1247 vocat
774 1194 948 1247 usque
973 1195 1152 1244 suum,
1181 1197 1289 1251 qua
1311 1180 1548 1252 populus
1573 1180 1752 1235 adsita
1775 1180 1937 1234 certis

469 1262 736 1317 limitibus
761 1262 941 1319 vicina
961 1264 1168 1335 refugit
1190 1265 1400 1336 iurgia3
1440 1274 1701 1337 tanquam

470 1348 543 1403 sit
565 1348 843 1420 proprium
870 1349 1185 1420 quidquam,
1214 1357 1422 1421 puncto
1447 1352 1598 1421 quod
1620 1351 1838 1405 mobilis
1863 1351 2028 1404 horae

468 1451 616 1488 nunc
639 1451 817 1505 prece,
845 1452 993 1488 nunc
1016 1436 1211 1506 pretio,
1242 1452 1391 1489 nunc
1414 1436 1497 1500 vi,
1526 1453 1675 1491 nunc
1699 1443 1845 1491 sorte
1869 1452 2125 1506 suprema

469 1527 745 1590 permutet
768 1519 1019 1574 dominos
1043 1526 1099 1574 et
1123 1521 1283 1575 cedat
1304 1521 1365 1575 in
1387 1520 1558 1575 altera
1577 1522 1717 1576 iura.

336 1611 397 1657 17
405 1611 433 1657 5
471 1605 548 1659 sic
573 1605 703 1676 quia
723 1611 1022 1676 perpetuus
1044 1605 1185 1660 nulli
1210 1605 1374 1660 datur
1397 1622 1531 1659 usus
1554 1613 1612 1662 et
1633 1607 1792 1661 heres

468 1690 725 1745 heredem
748 1691 971 1747 alterius
996 1692 1151 1746 velut
1171 1692 1321 1747 unda
1344 1692 1662 1762 supervenit
1683 1691 1907 1756 undam,

470 1776 605 1846 quid
627 1776 734 1830 vici
758 1783 990 1847 prosunt
1013 1784 1110 1831 aut
1132 1777 1369 1831 horrea?
1405 1776 1606 1847 quidve
1632 1775 1874 1831 Calabris

469 1859 699 1915 saltibus
723 1861 923 1915 adiecti
945 1862 1156 1916 Lucani
1171 1902 1185 1926 ‚
1213 1863 1262 1915 si
1287 1862 1447 1916 metit
1471 1863 1646 1915 Orcus

469 1945 701 2015 grandia
724 1962 847 1999 cum
871 1946 1070 2015 parvis,
1098 1964 1210 2000 non
1236 1947 1527 2000 exorabilis
1551 1947 1727 2001 auro?

337 2034 432 2082 180
469 2029 743 2094 Gemmas,
770 2047 1023 2095 marmor,
1052 2031 1204 2097 ebur,
1233 2032 1513 2102 Tyrrhena
1535 2031 1733 2102 sigilla,
1762 2029 2009 2097 tabellas,

467 2120 774 2184 argentum,
803 2120 980 2170 vestes
1006 2115 1240 2170 Gaetulo
1264 2116 1470 2170 murice
1495 2118 1712 2182 tinctas,

465 2205 599 2254 sunt
620 2200 717 2269 qui
740 2217 853 2253 non
877 2198 1140 2266 habeant,
1170 2208 1255 2254 est
1276 2201 1374 2272 qui
1397 2218 1511 2254 non
1535 2209 1690 2255 curat
1713 2202 1931 2265 habere.

468 2302 566 2338 eur
589 2284 726 2339 alter
747 2284 978 2339 fratrum
1004 2303 1213 2340 cessare
1236 2294 1293 2340 et
1320 2286 1510 2340 ludere
1533 2293 1591 2341 et
1614 2286 1789 2357 ungui

464 2371 735 2440 praeferat
758 2371 998 2426 Herodis
1022 2371 1274 2442 palmetis
1296 2371 1615 2442 pinguibus,
1650 2372 1789 2426 alter

333 2461 429 2507 185
468 2455 620 2509 dives
643 2462 701 2510 et
721 2455 1070 2526 importunus
1092 2456 1164 2510 ad
1185 2457 1436 2511 umbram
1459 2456 1597 2510 lucis
1621 2457 1690 2510 ab
1714 2465 1840 2513 ortu

466 2540 769 2595 silvestrem
794 2540 1023 2601 flammis
1048 2548 1105 2595 et
1121 2541 1267 2594 ferro
1291 2541 1512 2612 mitiget
1533 2559 1744 2612 agrum,

466 2626 571 2678 scit
595 2625 823 2690 Genius,
853 2625 1032 2679 natale
1057 2642 1237 2679 comes
1262 2626 1359 2696 qui
1382 2633 1650 2696 temperat
1671 2636 1897 2693 astrum,

464 2716 693 2765 naturae
717 2711 853 2764 deus
876 2711 1165 2775 humanae,
1192 2711 1439 2765 mortalis
1463 2712 1521 2765 in
1547 2730 1741 2767 unum-

466 2796 723 2867 quodque
748 2802 928 2867 caput,
957 2796 1117 2850 vultu
1140 2795 1440 2860 mutabilia,
1469 2797 1626 2852 albus
1650 2804 1706 2851 et
1729 2803 1866 2852 ater.

334 2887 428 2934 190
467 2881 604 2935 Utar
628 2887 685 2936 et
707 2898 777 2933 ex
800 2881 1014 2935 modico
1038 2889 1306 2952 quantum
1328 2901 1417 2937 res
1448 2889 1638 2954 poscet
1660 2899 1853 2938 acervo

464 2967 672 3031 tollam,
701 2982 801 3019 nec
825 2972 1065 3020 metuam
1090 2968 1226 3038 quid
1250 2970 1319 3023 de
1343 2986 1431 3023 me
1453 2968 1661 3023 iudicet
1681 2968 1858 3033 heres,

465 3051 616 3121 quod
637 3068 750 3104 non
773 3050 933 3120 plura
956 3051 1100 3106 datis
1122 3054 1423 3119 invenerit3
1465 3060 1522 3108 et
1543 3061 1727 3109 tamen
1751 3054 1900 3107 idem

463 3134 600 3188 scire
624 3134 819 3200 volam,
850 3143 1115 3206 quantum
1139 3137 1372 3209 simplex
1395 3139 1692 3209 hilarisque
1717 3137 1907 3208 nepoti

468 3259 562 3304 161
592 3260 792 3306 daturus.
845 3258 941 3306 162
967 3264 1121 3308 senna.
1176 3263 1271 3308 167
1299 3267 1530 3324 quonium
1556 3264 1745 3324 quando.
1799 3261 1896 3308 168
1921 3270 2059 3322 putet.
2113 3262 2210 3308 169
2235 3263 2349 3309 uhe-

325 3340 446 3372 ιιιιιι.
548 3327 642 3372 171
680 3327 856 3387 refigit3
886 3330 1148 3388 (refringit).
1261 3332 1357 3377 172
1395 3334 1510 3392 quod
1535 3341 1716 3392 puncto.
1827 3330 1923 3376 173
1960 3340 2102 3378 noi-te
2120 3346 2346 3391 suprema.

330 3393 425 3438 175
453 3396 491 3440 si
509 3397 638 3455 quin
658 3396 737 3442 sed
754 3399 872 3456 qnia.
945 3396 1067 3450 (176
1092 3400 1310 3454 alternis.)
1388 3399 1484 3446 182
1511 3408 1653 3448 curel.
1729 3398 1825 3445 190
1851 3415 1911 3447 ex
1928 3401 2075 3449 ncho
2092 3422 2164 3433 —
2181 3402 2345 3460 poscit.
