2667 3809
1071 258 1414 302 sumnum
1439 246 1486 310 1,
1518 248 1567 302 2.
2239 249 2307 302 3⁵

429 416 696 470 pavonem
719 398 1155 469 rhombumque?
1191 404 1409 452 tument
1431 398 1533 452 tibi
1558 414 1680 451 cum
1707 398 1954 468 inguina,
1982 415 2133 463 num,
2163 398 2211 453 si

431 501 630 556 aneilla
653 507 749 554 aut
770 517 938 554 verna
961 506 1045 554 eat
1067 506 1283 570 praesto
1307 518 1461 571 puer,
1490 501 1726 571 impetus
1750 501 1808 555 in
1834 517 1996 571 quem

433 603 695 656 continuo
719 602 816 655 fiat
831 640 845 665 ,
874 601 1029 655 malis
1054 602 1324 672 tentigine
1348 603 1528 672 rumpi
1546 603 1571 655 P

429 704 487 759 N
487 720 559 757 on
583 721 718 775 egox
750 720 986 773 namque
1010 703 1305 773 parabilem
1331 720 1454 755 amo
1478 720 1729 758 venerem
1752 703 2093 774 facilemque.

293 812 396 857 120
434 805 593 860 Illam
621 811 790 875 „post
814 804 1042 875 paullo“
1068 835 1138 844 -—
1162 805 1304 869 „sed
1328 804 1547 876 pluris“
1575 836 1640 845 -—
1673 805 1763 870 „si
1788 804 1982 859 exierit
2006 805 2130 866 vir“

436 906 625 972 Gallis,
653 907 793 959 hanc
818 906 1276 987 Philodemuslait
1298 907 1436 974 sibi,
1470 924 1608 978 quae
1633 924 1811 978 neque
1836 924 2034 980 magno

433 1016 542 1062 stet
563 1010 737 1080 pretio
761 1026 945 1079 neque
964 1016 1267 1074 cunctetur,
1304 1027 1430 1066 eum
1453 1017 1538 1063 eet
1561 1009 1710 1064 iussa
1732 1008 1936 1063 venire.

433 1111 665 1164 candida
686 1118 943 1182 rectaque
966 1112 1070 1174 eit3
1110 1111 1316 1165 munda
1339 1112 1622 1176 haetenus,
1658 1117 1722 1164 ut
1743 1128 1924 1182 neque
1945 1111 2111 1182 longa

388 1205 401 1208 “
432 1230 534 1265 nee
558 1212 731 1282 magis
756 1212 880 1266 alba
903 1213 1063 1279 velit,
1094 1230 1257 1283 quam
1283 1213 1380 1266 dat
1403 1219 1614 1278 natura,
1644 1212 1835 1266 videri.

296 1320 400 1365 125
439 1314 595 1367 Haeo
621 1314 716 1367 ubi
741 1315 1030 1385 supposuit
1054 1316 1247 1369 dextro
1273 1332 1469 1385 corpus
1493 1314 1627 1367 mihi
1652 1314 1884 1379 laevum,

435 1416 540 1470 Ilia
565 1422 620 1470 et
642 1416 843 1487 Egeria
869 1425 979 1482 est;
1020 1418 1090 1471 do
1116 1433 1313 1470 nomen
1341 1417 1627 1486 quodlibet
1650 1416 1749 1481 illi,

435 1535 536 1571 neo
561 1535 749 1572 vereor
773 1534 858 1582 ne,
888 1516 1021 1572 dum
1044 1517 1223 1583 fntuo,
1253 1518 1337 1572 vir
1359 1535 1486 1571 rure
1508 1525 1772 1583 recurrat,

437 1620 602 1672 ianua
624 1620 924 1690 frangatur,
953 1620 1117 1674 latret
1139 1621 1306 1685 oanis,
1337 1620 1583 1691 undique
1606 1637 1807 1689 magno

436 1722 595 1791 pulsa
619 1723 814 1775 domus
839 1722 1070 1791 strepitu
1093 1729 1340 1787 resonet,
1369 1719 1640 1793 vepallida
1662 1722 1805 1775 lecto

300 1830 402 1876 130
441 1823 656 1877 desiliat
679 1823 889 1888 mulier,
920 1824 1169 1877 miseram
1194 1842 1251 1877 se
1277 1825 1493 1877 conscia
1519 1823 1730 1890 clamet,

438 1925 685 1978 cruribus
708 1926 841 1979 haec
866 1932 1103 1990 metuat,
1134 1926 1251 1980 doti
1276 1926 1558 1996 deprensa,
1588 1933 1804 1997 egomet
1826 1926 1920 1980 mi.

435 2028 699 2082 discincta
721 2028 911 2082 tunica
933 2027 1254 2098 fugiendum
1279 2035 1365 2082 est
1387 2046 1449 2082 ao
1473 2029 1611 2099 pede
1636 2029 1787 2081 nudo

436 2147 509 2183 ne
533 2130 742 2183 nummi
766 2137 991 2200 pereant
1015 2137 1110 2184 aut
1133 2148 1281 2200 puga
1304 2138 1403 2184 aut
1426 2131 1663 2200 denique
1687 2131 1849 2184 fama.

437 2231 719 2302 Deprendi
742 2232 999 2286 miserum
1024 2240 1132 2297 est,
1162 2232 1332 2286 Fabio
1358 2233 1446 2286 vel
1471 2232 1649 2286 iudice
1674 2232 1905 2287 vineam.

444 2424 539 2470 121
579 2429 715 2473 Gallis
741 2427 871 2483 hanc,
898 2429 1179 2474 Philodemus
1203 2430 1292 2485 ait3
1320 2428 1419 2472 sibi.
1499 2424 1591 2471 122
1621 2442 1717 2472 nec.
1796 2424 1889 2469 124
1918 2427 2005 2471 det.
2084 2423 2178 2470 125
2205 2426 2317 2470 dex-

300 2504 414 2540 trum
440 2519 511 2527 -
536 2497 676 2541 laevo.
755 2494 850 2541 129
886 2509 965 2542 vae
990 2498 1180 2556 pallida3
1206 2498 1275 2542 vel
1299 2497 1488 2555 palssda3
1516 2509 1572 2540 ne
1596 2496 1778 2554 pallida.
1857 2492 1949 2537 131
1991 2496 2080 2539 doti
2106 2494 2213 2538 haec
2239 2496 2319 2539 de·

296 2578 481 2623 prensa.
