2667 3809
352 264 454 316 174
1075 273 1500 317 amaror-anm!
1524 262 1572 326 I,
1601 263 1653 314 3.

490 414 628 486 quid
651 413 901 469 studiosa
920 414 1118 469 cohors
1142 430 1370 486 open-um
1399 414 1596 469 struit?
1629 415 1736 468 hoc
1760 430 1979 486 quoque
2003 431 2153 470 curo.

495 500 621 571 quis
643 499 750 554 sibi
772 517 861 554 ree
885 506 1068 571 geme
1091 500 1337 572 Augusti
1358 501 1596 554 scribere
1620 500 1821 554 sumit?

490 584 636 640 bella
660 586 784 656 quis
808 592 866 640 et
886 603 1047 658 paces
1070 586 1300 657 longum
1323 586 1585 640 diffundit
1603 586 1670 640 in
1685 586 1922 640 aevum?
2011 618 2014 623 ·

492 672 629 743 quid
650 671 847 737 Titius,
873 672 1126 726 Romana
1149 671 1303 726 brevi
1324 677 1590 725 venturus
1612 671 1672 725 in
1695 672 1832 725 ora?

396 765 457 810 10
494 758 771 811 Pindarici
794 758 965 811 fontis
988 758 1085 828 qui
1108 772 1221 810 non
1245 756 1513 827 expaliuit
1537 756 1787 821 haustus,

491 844 739 898 fastidire
763 844 915 898 lacus
938 851 999 898 et
1015 842 1163 897 rivos
1187 859 1353 897 ausus
1378 849 1615 913 apertos.

494 936 559 983 ut
580 929 764 983 valet?
799 937 863 982 ut
884 928 1136 982 meminit
1157 928 1371 983 nostri?
1403 927 1680 982 fidibusne
1701 927 1913 984 Latinis

495 1014 783 1068 Thebanos
807 1019 993 1083 aptare
1016 1013 1209 1068 modos
1232 1014 1432 1081 studet:
1448 1013 1667 1085 auspice
1687 1014 1876 1079 Musa,

494 1117 565 1154 an
590 1100 797 1172 tragica
819 1100 1063 1156 desaevit
1085 1106 1142 1154 et
1164 1100 1499 1171 ampullatur
1520 1100 1579 1154 in
1603 1102 1759 1156 ante?

396 1193 455 1258 15
486 1186 630 1257 =quid
651 1186 791 1241 mihi
812 1185 1006 1240 Celsus
1029 1186 1183 1257 agit?
1215 1187 1459 1241 monitus
1482 1187 1829 1258 multumque
1851 1187 2178 1252 monendus,

494 1273 730 1344 privatas
757 1278 820 1327 ut
844 1281 1070 1344 quaerat
1090 1291 1224 1344 opes
1247 1280 1304 1327 et
1327 1280 1551 1345 tangere
1574 1273 1712 1328 vitet

495 1359 715 1429 scripta,
742 1358 1026 1413 Palatinus
1051 1375 1411 1431 quaecunque
1433 1359 1641 1430 recepit
1663 1358 1883 1431 Apusse,

426 1478 431 1483 -
494 1462 565 1498 ne
590 1445 637 1498 si
659 1445 801 1499 forte
824 1462 951 1499 suas
975 1446 1268 1516 repetitum
1292 1445 1506 1500 vmerit
1525 1445 1660 1499 olim

495 1550 627 1602 grex
653 1532 836 1587 avium
859 1531 1090 1603 plumae,
1118 1538 1338 1587 moveat
1355 1531 1640 1585 cornicula
1658 1532 1831 1586 risum
1876 1540 1882 1551 “

398 1622 463 1669 20
498 1617 716 1672 furtivis
738 1617 948 1671 nudata
972 1616 1265 1672 coloribus.
1317 1617 1446 1687 Ipse
1468 1617 1607 1688 quid
1627 1617 1839 1672 audes?

496 1719 636 1773 quae
658 1700 1060 1757 circumvolitas
1084 1702 1244 1774 agilis
1266 1703 1457 1774 thyma
1470 1704 1495 1756 P
1527 1719 1641 1756 nen
1662 1702 1766 1756 tibi
1791 1718 2017 1773 parvum

493 1787 797 1857 ingenium,
834 1802 947 1842 non
971 1788 1239 1842 incultum
1264 1796 1349 1842 est
1372 1796 1428 1842 et
1450 1788 1688 1860 turpiter
1709 1788 1913 1842 hirtum
1927 1810 1945 1852 -3

495 1889 592 1926 seu
617 1872 864 1942 linguam
889 1873 1066 1927 causis
1091 1875 1242 1929 acuis
1266 1892 1364 1929 eeu
1390 1874 1560 1930 civica
1580 1874 1702 1928 iura

493 1957 825 2027 respondere
847 1976 1005 2029 paras
1030 1977 1126 2013 seu
1154 1962 1346 2015 condis
1369 1959 1601 2015 amabile
1626 1976 1859 2025 carmen,
1905 1980 1916 1984 ·

396 2049 459 2095 25
497 2043 672 2113 prima
693 2044 833 2097 feres
857 2044 1090 2099 hederae
1115 2046 1357 2101 victricis
1379 2045 1638 2118 praemia.
1690 2047 1887 2118 quodsi

495 2129 697 2200 frigida
721 2146 970 2184 curarum
994 2131 1236 2186 fomenta
1258 2133 1568 2203 relinquere
1591 2146 1796 2204 posses,

495 2232 605 2285 quo
629 2221 685 2268 te
711 2216 958 2270 caelestis
983 2217 1250 2288 sapientia
1273 2218 1515 2284 duceret,
1544 2219 1671 2273 ires.

496 2301 601 2354 hoc
626 2318 781 2372 opus,
814 2302 920 2357 hoc
944 2303 1188 2358 studium
1211 2305 1366 2375 parvi
1390 2321 1742 2376 properemus
1768 2314 1823 2361 et
1846 2306 2030 2377 ampli,

495 2385 542 2438 si
567 2387 772 2456 patriae
795 2389 1065 2454 volumuS,
1095 2390 1142 2443 si
1166 2389 1324 2444 nobis
1348 2391 1529 2445 vivere
1556 2393 1683 2445 cari.

394 2476 457 2522 30
495 2471 677 2526 Debes
702 2473 806 2528 hoc
829 2474 992 2527 etiam
1016 2475 1327 2540 rescribere,
1361 2476 1436 2529 sit
1458 2476 1568 2529 tibi·
1585 2493 1743 2531 curae

495 2566 730 2629 quantae
758 2560 1044 2615 conveniat
1068 2560 1373 2626 Munatius,
1408 2579 1477 2614 an
1502 2562 1644 2617 male
1669 2570 1813 2620 sarta

493 2644 667 2714 gratia
692 2646 1022 2717 nequiquam
1048 2646 1159 2699 coit
1182 2653 1239 2700 et
1260 2647 1626 2702 rescinditur?
1661 2656 1720 2703 at
1748 2667 1845 2702 vos

497 2746 592 2783 seu
617 2730 823 2784 calidus
849 2730 1071 2800 sanguis
1095 2748 1192 2786 seu
1215 2749 1396 2786 rerum
1421 2734 1638 2788 inscitia
1660 2744 1824 2788 vexat

495 2814 762 2869 indomita
786 2817 991 2871 cervice
1015 2816 1175 2882 feros,
1205 2817 1519 2890 ubicunque
1543 2819 1787 2873 locorum

397 2904 461 2952 35
497 2900 697 2965 vivitis,
727 2901 941 2972 indigni
964 2901 1260 2956 fraternum
1285 2922 1535 2975 rumpere
1559 2903 1769 2969 foedus,

495 2985 735 3054 pascitur
758 2987 814 3040 in
839 2995 1078 3042 vestrum
1103 2989 1341 3043 reditum
1364 2988 1548 3044 votiva
1571 2989 1818 3044 iuvenca.

368 3076 493 3083 -α-ῄ,

497 3114 532 3157 1.
562 3111 590 3157 6
618 3119 759 3158 struat
782 3136 851 3147 —
876 3115 1002 3161 haec.
1076 3116 1103 3161 7
1131 3115 1287 3163 sumit.
1363 3116 1391 3162 8
1419 3118 1645 3164 diffundat.
1722 3117 1784 3163 12
1810 3128 1855 3165 et
1880 3120 2085 3165 meminit.
2151 3117 2211 3163 15
2238 3125 2365 3177 agan

358 3188 436 3224 ιιι.
510 3178 571 3223 22
611 3195 693 3226 nec
717 3185 930 3240 turpiter-3
957 3198 1043 3229 non
1069 3188 1269 3244 turpiter.
1346 3184 1409 3230 29
1447 3189 1660 3246 cupimus.
1735 3185 1797 3232 30
1830 3190 1869 3233 si
1895 3189 1989 3233 tibi.
2061 3186 2121 3233 31
2153 3201 2277 3248 quam
2305 3196 2363 3232 te.

363 3244 426 3292 32
463 3250 785 3308 nequidquam3
813 3253 1116 3310 nequicquam.
1191 3251 1254 3297 32
1292 3269 1344 3299 ac
1368 3269 1463 3300 vos.
1538 3254 1600 3300 33
1638 3256 1726 3302 heu
1752 3278 1818 3288 —
1844 3257 1945 3303 heu·

475 3319 531 3362 11.
562 3316 590 3362 6
616 3318 739 3365 haec.
789 3317 818 3362 9
845 3319 1083 3365 Rhemum.
1135 3319 1196 3363 14
1223 3330 1424 3381 trngyca.
1462 3320 1521 3366 21
1553 3325 1702 3370 thina.
1754 3322 1819 3368 22
1845 3339 1926 3371 uec
1952 3326 2153 3384 turpiter.
2203 3300 2266 3368 24
2294 3338 2368 3368 res

359 3388 594 3443 spondere.
659 3384 722 3430 29
749 3387 886 3431 chari.
950 3385 1010 3431 31
1039 3390 1280 3437 Nummius.
1346 3388 1408 3434 32
1435 3394 1586 3449 gracia
1609 3408 1663 3439 ne
1688 3395 1935 3453 quicquam.
1999 3391 2062 3437 34
2089 3392 2366 3451 ubicumque.

1497 3492 1529 3499 —-
