2667 3809
338 270 441 321 212
1049 281 1463 322 EPISTOLARUM
1486 269 1534 334 1,
1569 273 1650 322 16.

477 421 725 492 pomisne
750 438 818 475 an
842 424 1013 492 pratis
1037 439 1106 475 an
1131 423 1329 477 amicta
1351 422 1555 477 vitibus
1578 422 1748 487 ulmo,

479 506 743 560 scribetur
766 506 870 560 tibi
895 507 1067 562 forma
1090 508 1392 578 loquaciter
1414 515 1472 561 et
1495 508 1634 561 situs
1653 509 1793 579 agri.

408 599 438 642 5
478 591 740 645 Continui
763 599 993 657 montes,
1025 594 1082 647 ni
1108 594 1472 648 dissocientur
1493 610 1663 664 opaca

477 677 635 742 valle,
671 677 768 731 sed
793 684 857 731 ιιι
881 678 1105 732 veniens
1130 679 1383 734 dextrum
1407 680 1553 733 latus
1576 679 1842 750 adspiciat
1864 678 1978 744 Sol,

475 762 691 816 laevum
716 763 999 817 discedens
1026 782 1188 818 curru
1212 766 1461 835 fugiente
1485 773 1728 836 vaporet.

475 848 791 918 temperiem
817 849 1025 903 laudes.
1066 851 1216 920 quid,
1248 852 1295 903 si
1317 851 1627 904 rubicunda
1648 850 1877 920 benigni

478 949 644 986 corna
666 949 856 1003 vepres
881 941 936 987 et
958 952 1136 1005 pruna
1162 936 1375 989 ferant?
1411 936 1459 989 si
1484 952 1716 1006 quercus
1741 944 1798 989 et
1821 936 1928 989 ilex

376 1024 438 1070 10
475 1018 650 1072 multa
672 1019 830 1089 fruge
854 1038 1038 1091 pecus,
1073 1021 1247 1075 multa
1271 1021 1553 1076 dominum
1577 1022 1737 1075 iuvet>
1753 1021 1979 1075 umbra?

478 1104 625 1158 dieas
649 1104 947 1158 adductum
973 1107 1198 1176 propius
1222 1107 1476 1159 frondere
1500 1107 1813 1161 Tarentum.

476 1190 599 1242 fons
625 1190 788 1245 etiam
812 1190 930 1243 rivo
956 1192 1083 1244 dare
1107 1209 1307 1245 nomen
1332 1192 1582 1256 idoneuS,
1612 1199 1676 1246 ut
1699 1210 1800 1246 nec

476 1275 728 1345 frigidior
752 1276 1013 1331 Thracam
1037 1295 1138 1331 nec
1162 1278 1350 1347 purior
1375 1278 1579 1330 ambiat
1604 1277 1844 1341 Hebrus,

477 1361 690 1414 infirmo
717 1363 883 1432 capiti
905 1362 1028 1416 fluit
1052 1363 1222 1426 utilia,
1254 1362 1406 1416 utilis
1431 1362 1575 1417 alvo.

378 1454 440 1498 15
477 1447 580 1500 hae
605 1447 844 1503 latebrae
870 1447 1073 1511 dulces,
1105 1448 1286 1513 etiam,
1317 1449 1364 1501 si
1389 1447 1582 1512 crediS,
1612 1444 1888 1510 amoenae,

477 1533 806 1587 incolumem
831 1533 931 1587 tibi
956 1550 1042 1586 me
1067 1533 1346 1603 praestant
1370 1532 1770 1603 septembribus
1793 1532 1962 1587 horis.

476 1625 539 1672 tu
563 1626 710 1673 recte
735 1619 890 1683 vivis,
920 1619 967 1672 si
991 1636 1149 1673 curas
1175 1637 1291 1672 esse
1317 1619 1468 1689 quod
1491 1618 1668 1673 audis.

477 1704 741 1759 iactamus
766 1705 873 1758 iam
898 1705 1107 1774 pridem
1132 1705 1309 1758 omnis
1338 1712 1393 1758 te
1416 1705 1594 1758 Roma
1617 1705 1865 1769 beatum3

478 1790 574 1842 sed
598 1806 787 1842 vereor
809 1806 879 1841 ne
905 1790 995 1842 cui
1018 1790 1088 1843 de
1113 1797 1168 1843 te
1192 1791 1316 1860 plus
1343 1808 1504 1861 quam
1530 1790 1633 1843 tibi
1656 1791 1862 1856 credas,

380 1879 445 1925 20
484 1891 621 1927 neve
645 1880 805 1943 putes
830 1874 998 1927 alium
1023 1875 1265 1945 sapiente
1290 1877 1545 1946 bonoque
1568 1875 1808 1941 beatum,

481 1976 589 2012 neu
615 1960 661 2013 si
686 1965 741 2012 te
764 1959 1001 2030 populus
1027 1978 1219 2014 sanum
1243 1969 1499 2032 recteque
1525 1961 1794 2015 valentem

482 2045 713 2109 dictitet,
743 2045 1009 2100 occultam
1034 2046 1239 2100 febrem
1264 2048 1368 2100 sub
1393 2054 1609 2116 tempus
1634 2046 1835 2100 edendi

479 2130 806 2196 dissimulem,
837 2131 1010 2187 donec
1034 2132 1287 2201 manibus
1313 2140 1516 2187 tremor
1539 2132 1745 2186 incidat
1769 2132 1967 2193 unctio.

481 2216 774 2269 stultorum
799 2217 1045 2270 incurata
1066 2217 1245 2287 pudor
1268 2218 1445 2271 malus
1470 2218 1653 2271 ulcera
1676 2217 1832 2270 celat.

378 2306 443 2353 25
484 2301 543 2355 Si
569 2302 689 2371 quis
714 2302 859 2356 bella
880 2303 984 2357 tibi
1007 2309 1150 2357 terra
1173 2316 1420 2374 pugnata
1442 2303 1686 2372 marique

483 2387 631 2441 dicat
655 2395 711 2441 et
735 2388 820 2441 his
844 2389 1023 2442 verbis
1048 2407 1245 2443 vacuas
1269 2388 1605 2459 permulceat
1627 2405 1814 2441 aui-est

483 2480 652 2538 „tene
676 2476 851 2546 magis
875 2477 1085 2530 salvum
1108 2475 1345 2546 populus
1370 2474 1504 2528 velit
1528 2491 1596 2526 an
1621 2473 1884 2544 populum
1909 2477 1991 2536 tu,

481 2565 659 2615 servet
681 2560 739 2613 in
764 2560 1039 2630 ambigue,
1070 2561 1163 2630 qui
1189 2560 1427 2614 consulit
1450 2565 1507 2613 et
1530 2558 1633 2612 tibi
1658 2565 1713 2610 et
1736 2557 1876 2621 urbi,

480 2646 795 2717 Iuppiter,“
821 2645 1062 2716 Augusti
1087 2646 1277 2699 laudes
1303 2652 1598 2715 agnoscere
1623 2643 1817 2714 possiS.

379 2736 443 2784 30
483 2749 604 2785 cum
630 2731 831 2802 pateris
853 2732 1069 2803 sapiens
1095 2730 1523 2801 emendatusque
1547 2729 1747 2794 vocari,

478 2817 846 2887 respondesne
870 2825 987 2882 tue,
1018 2817 1105 2870 dic
1129 2816 1306 2880 sodes,
1337 2816 1597 2869 nomine?
1634 2829 1873 2882 „nempe

480 2902 563 2955 vir
586 2901 766 2955 bonus
791 2909 846 2954 et
868 2903 1107 2972 prudens
1134 2902 1242 2955 dici
1267 2902 1508 2955 delector
1532 2919 1633 2971 ego
1659 2918 1719 2954 ac
1748 2904 1878 2953 tu.“

480 3081 515 3123 l.
546 3077 573 3122 3
601 3080 794 3136 pomisve
817 3087 875 3123 et.
951 3079 977 3122 7
1005 3080 1300 3135 descendens3
1322 3078 1555 3125 decedens.
1631 3076 1658 3121 8
1686 3078 1900 3134 benigne3
1921 3074 2155 3131 benignae.
2230 3072 2257 3115 9
2287 3075 2356 3118 fe-

344 3156 474 3204 ruut3
503 3148 662 3191 serent.
729 3145 789 3191 10
817 3149 947 3191 iuvat.
1015 3147 1075 3190 14
1102 3149 1196 3191 fluit
1219 3155 1347 3205 aptus
1373 3155 1416 3191 et
1439 3148 1576 3191 utilis.
1642 3146 1702 3190 15
1730 3153 1790 3202 et,
1814 3147 1896 3190 iam
1921 3145 1960 3187 si
1985 3144 2144 3187 credis.
2194 3139 2255 3184 22
2282 3143 2355 3186 fe-

343 3215 470 3259 brim.
544 3212 608 3257 28
647 3222 806 3259 servat.
880 3213 942 3271 29
977 3229 1157 3272 posscs;
1185 3217 1347 3273 poscis.
1422 3213 1484 3259 30
1521 3229 1618 3259 cum
1644 3218 1809 3273 cupias.

462 3284 518 3327 ΙΙ.
559 3280 586 3325 3
625 3285 815 3340 pomisve
839 3290 898 3326 et.
970 3283 1001 3325 4
1039 3284 1304 3328 scribentur.
1380 3281 1408 3326 6
1445 3286 1644 3342 aspiciat.
1729 3281 1757 3326 8
1791 3282 1996 3338 benigne.

341 3364 438 3395 cus.
515 3348 576 3393 14
604 3358 732 3407 aptus
756 3359 800 3395 et
824 3350 960 3395 utilis.
1038 3349 1099 3394 16
1127 3365 1194 3397 me
1220 3352 1311 3397 tibi.
1387 3350 1448 3394 27
1477 3359 1520 3395 te
1546 3366 1601 3395 ne
1625 3353 1780 3409 magis.
1854 3348 1918 3393 28
1944 3356 2108 3393 servat.
2165 3345 2225 3391 31
2256 3361 2357 3392 res-

340 3420 532 3476 spondes
556 3432 613 3463 ne
639 3426 728 3464 tuo.

2080 3277 2108 3323 9
2147 3288 2190 3323 et
2215 3293 2354 3338 quer-
