2667 3809
323 269 425 319 270
1055 277 1467 318 Ensrorauwu
1492 264 1599 317 ΙΙΙ.

462 425 740 491 serpentes
765 418 957 473 avibus
981 418 1349 488 geminentur,
1376 417 1612 488 tigribus
1635 404 1784 489 agni.

465 505 696 576 inceptis
722 503 979 575 gravibus
1003 503 1320 574 plerumque
1347 511 1402 555 et
1425 521 1624 573 magna
1647 503 1905 573 professis

369 600 428 644 15
466 608 791 662 purpureus,
822 589 931 643 late
956 588 1050 659 qui
1074 588 1377 658 splendeat,
1412 606 1554 641 unus
1581 596 1636 642 et
1659 589 1796 643 alter

466 676 716 730 adsuitur
738 693 971 746 pannus,
1004 691 1126 729 cum
1152 673 1307 727 lucus
1332 680 1391 726 et
1413 691 1505 727 ara
1528 675 1739 728 Dianae

466 770 530 842 ff
544 762 884 833 properantis
908 779 1080 832 aquae
1104 778 1201 831 per
1225 777 1481 814 amoenos
1507 760 1743 814 ambitus
1767 778 1945 830 agros,

465 855 563 901 aut
583 848 785 901 flumen
811 847 1069 900 Rhenum
1093 852 1191 899 aut
1213 845 1433 916 pluvius
1459 845 1784 898 describitur
1807 863 1981 899 arcus.

468 935 564 987 sed
589 950 735 986 nunc
759 950 870 986 non
896 939 1011 986 erat
1035 933 1118 985 his
1144 931 1328 995 locus3
1370 936 1428 983 et
1449 930 1679 984 fortasse
1704 948 2019 1002 cupressum

368 1025 431 1071 20
469 1019 574 1072 scis
599 1017 886 1072 simulares
930 1018 1063 1088 quid
1086 1018 1208 1081 hoc,
1243 1017 1289 1069 si
1313 1015 1500 1069 fractis
1525 1021 1709 1069 enatat
1731 1033 1924 1087 exspes

469 1103 718 1170 navibus,
746 1120 868 1156 aere
894 1103 1022 1156 dato
1046 1102 1140 1173 qui
1163 1100 1450 1173 pingitur?
1484 1100 1746 1172 amphora
1770 1102 1948 1172 coepit

467 1188 713 1254 institui3
757 1195 1004 1242 currente
1028 1198 1149 1242 rota
1172 1205 1269 1241 cur
1292 1204 1485 1241 urceus
1510 1187 1659 1240 exit?

469 1275 704 1346 denique
729 1275 803 1328 sit
827 1274 1043 1346 quidvis
1068 1274 1299 1345 simplex
1325 1274 1611 1327 dumtaxat
1635 1281 1690 1326 et
1718 1291 1902 1326 unum.

468 1361 713 1414 Maxima
737 1378 861 1431 pars
884 1367 1088 1425 vatum,
1117 1368 1271 1431 pater
1294 1368 1353 1415 et
1375 1363 1599 1414 iuvenes
1623 1366 1774 1430 patre
1800 1356 1971 1430 digni,
2070 1386 2079 1397 =

366 1452 428 1498 25
468 1447 768 1517 decipimur
792 1446 969 1518 specie
994 1447 1147 1501 recti.
1194 1446 1373 1501 brevis
1398 1463 1515 1500 esse
1540 1445 1746 1509 labor0,

469 1532 732 1586 obscurus
760 1531 862 1596 ἧος
903 1539 1200 1585 sectantem
1225 1532 1368 1587 levia
1391 1532 1543 1586 nervi

470 1618 730 1671 deficiunt
753 1617 1057 1688 animique3
1095 1618 1373 1689 professus
1397 1617 1627 1688 grandia
1648 1623 1865 1688 turget3

470 1704 638 1774 serpit
660 1703 814 1758 humi
838 1709 992 1757 tutus
1017 1704 1246 1757 nimium
1272 1703 1608 1774 timidusque
1634 1701 1933 1773 procellae;

469 1789 563 1858 qui
587 1789 794 1841 variare
820 1789 972 1858 cupit
994 1806 1107 1842 rem
1132 1788 1509 1858 prodigialiter
1534 1805 1715 1852 unam,

368 1881 434 1927 30
471 1873 789 1945 delphinum
816 1873 965 1926 silvis
992 1873 1256 1944 appingit,
1292 1873 1550 1928 fiuctibus
1576 1891 1785 1943 aprum.

468 1961 527 2013 in
552 1958 747 2012 vitium
774 1958 927 2011 ducit
950 1959 1140 2030 culpae
1163 1960 1314 2029 fuga,
1344 1960 1391 2012 si
1416 1967 1564 2013 caret
1586 1966 1719 2013 arte.

471 2043 767 2098 Aemilium
793 2044 935 2096 circa
956 2044 1148 2098 ludum
1171 2044 1323 2098 faber
1349 2063 1492 2098 unus
1518 2052 1573 2098 et
1597 2062 1811 2116 ungues

469 2128 739 2200 exprimet
762 2135 819 2182 et
839 2130 1031 2201 molles
1062 2130 1368 2184 imitabitur
1390 2148 1515 2184 aere
1538 2131 1781 2201 capillos,

469 2214 660 2268 infelix
686 2215 866 2285 operis
887 2203 1114 2282 summa,
1146 2217 1276 2287 quia
1297 2234 1500 2287 ponere
1524 2224 1703 2270 totum

369 2307 431 2353 35
470 2300 693 2355 nesciet.
734 2300 881 2355 hunc
904 2319 1007 2373 ego
1030 2320 1135 2368 me,
1166 2303 1213 2357 si
1239 2303 1373 2374 quid
1399 2319 1721 2372 componere
1746 2316 1947 2366 eurem,

468 2405 581 2441 non
604 2387 779 2458 magis
803 2402 922 2442 esse
945 2389 1125 2451 velim,
1155 2406 1318 2460 quam
1342 2405 1477 2443 naso
1501 2388 1681 2442 vivere
1706 2404 1890 2458 prave,

467 2474 822 2545 spectandum
847 2474 1021 2544 nigris
1046 2475 1219 2528 oculis
1243 2475 1513 2546 nigroque
1537 2474 1753 2545 capillo.

471 2560 680 2615 Sumite
702 2559 984 2613 materiam
1007 2561 1220 2625 vestris,
1255 2561 1352 2631 qui
1376 2560 1631 2624 scribitis,
1660 2576 1888 2631 aequam

467 2646 675 2715 viribus
699 2652 757 2699 et
778 2651 990 2699 versate
1014 2645 1130 2710 diu,
1159 2645 1292 2716 quid
1315 2645 1456 2699 ferre
1479 2653 1749 2711 recusent,

364 2739 429 2786 40
466 2732 602 2803 quid
623 2732 843 2787 valeant
865 2730 1096 2787 humeri.
1132 2731 1222 2786 cui
1245 2731 1387 2786 lecta
1410 2738 1664 2802 potenter
1684 2731 1792 2785 erit
1814 2746 1918 2796 res,

468 2832 569 2871 nec
591 2817 848 2871 facundia
870 2818 1084 2873 deseret
1105 2817 1252 2871 hunc
1276 2833 1378 2870 nec
1401 2816 1619 2873 lucidus
1640 2817 1794 2885 ordo.

470 2901 675 2956 ordinis
701 2904 834 2958 haec
858 2904 1033 2960 virtus
1056 2904 1160 2958 erit
1183 2913 1239 2958 et
1261 2920 1455 2968 venus,
1482 2911 1580 2957 aut
1601 2920 1705 2974 ego
1729 2902 1907 2967 fallor,

468 3081 522 3123 Α.
563 3078 624 3121 17
652 3087 743 3125 aut.
819 3078 880 3124 18
907 3080 1065 3127 Rheni.
1130 3079 1191 3127 19
1218 3088 1304 3127 non
1332 3095 1467 3129 nunc.
1527 3078 1595 3125 23
1616 3081 1829 3141 quodvisz
1854 3080 1975 3140 quod
1994 3082 2077 3126 vis.
2140 3078 2204 3124 25
2232 3082 2349 3126 recti

332 3147 496 3204 specie.
568 3145 632 3190 26
670 3146 800 3191 leuia.
874 3145 936 3190 32
962 3150 1089 3194 imus.
1163 3148 1227 3194 36
1265 3164 1401 3209 pravo
1424 3152 1568 3196 vivere
1593 3164 1716 3196 naso.
1793 3148 1853 3194 37
1887 3152 2082 3208 nigcove.
2156 3147 2221 3194 40
2261 3162 2349 3209 pu·

332 3214 504 3258 denter.
577 3211 642 3256 42
680 3214 796 3258 haud
822 3229 922 3273 ego.

473 3282 523 3326 B.
566 3279 627 3325 13
663 3282 880 3340 tygrihus.
958 3281 1019 3327 16
1053 3284 1275 3331 Assuitur.
1352 3284 1413 3330 18
1450 3300 1616 3332 renum.
1694 3283 1755 3330 19
1781 3299 1869 3332 non
1891 3295 1988 3332 erat
2012 3286 2097 3333 hic.
2173 3284 2235 3330 21
2265 3301 2350 3331 na-

332 3347 487 3406 phora.
550 3347 614 3393 23
640 3349 837 3408 quodvis.
900 3348 964 3393 24
990 3364 1095 3409 pars
1120 3354 1271 3401 fatum.
1332 3352 1394 3399 31
1425 3353 1637 3401 luticiam.
1699 3352 1763 3399 32
1792 3354 1915 3400 faber
1936 3370 2077 3415 ymas.
2141 3353 2204 3401 33
2231 3357 2350 3414 yni-

334 3415 513 3461 tabitur.
587 3414 652 3461 36
687 3431 822 3476 pravo
846 3420 990 3463 vivere
1014 3433 1135 3465 naso.
1408 3438 1413 3442 ·
