2667 3809
315 244 431 296 230
1037 252 1450 295 musmonem
1473 242 1520 305 I,
1557 245 1636 295 19.

1227 421 1430 482 XIX.

1044 572 1150 624 (Aa
1178 572 1610 627 Maecenatem.)

463 688 651 745 Prisco
678 692 724 745 si
750 693 941 758 credis,
972 692 1261 747 Maecenas
1288 693 1465 760 docte,
1496 694 1736 758 Cratino,

465 777 618 831 nulla
642 777 858 847 placere·
879 777 971 830 diu
997 795 1097 830 nec
1122 778 1301 832 vivere
1328 779 1566 831 carmina
1588 784 1837 848 possunt,

467 880 606 933 quae
633 862 945 916 scribuntur
970 880 1142 933 aquae
1166 863 1469 933 potoribus.
1509 871 1573 917 ut
1596 863 1735 917 male
1760 881 1919 917 sanos

468 948 754 1017 adscripsit
778 947 942 1001 Liber
968 947 1173 1018 Satyris
1199 949 1512 1019 Faunisque
1537 954 1743 1018 poetas,

401 1041 428 1085 5
468 1034 594 1087 vina
618 1032 728 1086 fere
756 1032 940 1086 dulces
966 1032 1220 1085 oluerunt
1244 1051 1402 1087 mane
1430 1034 1713 1087 Camenae.

467 1117 722 1171 laudibus
747 1118 995 1187 arguitur
1021 1118 1132 1171 vini
1157 1119 1381 1171 vinosus
1406 1118 1712 1183 Homerus;

466 1202 680 1259 Ennius
706 1204 821 1274 ipse
845 1210 999 1273 pater
1023 1220 1301 1273 nunquam
1326 1204 1433 1256 nisi
1457 1212 1619 1273 potus
1645 1204 1714 1256 ad
1740 1221 1888 1256 arma

466 1288 721 1358 prosiluit
745 1288 991 1342 dicenda.
1034 1289 1256 1352 „forum
1279 1289 1582 1359 Putealque
1607 1288 1835 1342 Libonis

466 1374 735 1426 mandabo
761 1373 934 1438 siccis,
964 1375 1198 1427 adimam
1224 1381 1440 1427 cantare
1466 1375 1698 1428 severis=
1721 1380 1757 1405 “

370 1464 431 1509 10
468 1457 572 1510 hoc
598 1458 760 1512 simul
786 1459 950 1523 edixi,
979 1477 1091 1512 non
1118 1477 1391 1513 cessavere
1412 1468 1606 1529 poetae

464 1550 732 1597 nocturno
762 1552 965 1597 certare
990 1562 1157 1610 mero,
1190 1551 1383 1614 putere
1409 1545 1623 1598 diurno.

469 1629 637 1692 Quid,
667 1629 714 1682 si
738 1629 860 1698 quis
885 1629 1042 1682 vultu
1066 1636 1223 1682 torvo
1248 1631 1396 1682 ferus
1423 1636 1479 1682 et
1502 1631 1639 1699 pede
1665 1631 1813 1683 nudo

468 1715 807 1784 exiguaeque
832 1720 993 1783 togae
1018 1706 1238 1767 simulet
1260 1720 1475 1767 textore
1502 1714 1781 1779 Catonem,

468 1799 794 1851 virtutemne
818 1805 1188 1868 repraesentet
1211 1816 1496 1870 moresque
1523 1799 1782 1853 Catonis?

371 1891 431 1935 15
467 1883 618 1952 rupit
641 1881 904 1935 Iarbitam
927 1881 1236 1952 Timagenis
1261 1885 1474 1937 aemula
1497 1885 1701 1956 lingua,

471 1968 602 2021 dum
628 1966 811 2021 studet
836 1967 1075 2020 urbanus
1100 1968 1385 2039 tenditque
1410 1970 1645 2024 disertus
1670 1972 1875 2025 haberi.

472 2052 676 2124 decipit
697 2052 971 2122 exemplar
994 2053 1140 2106 vitiis
1165 2053 1457 2119 imitabile3
1502 2056 1698 2126 quodsi

471 2136 728 2207 pallerem
753 2156 899 2205 casu,
930 2139 1180 2193 biberent
1203 2158 1480 2210 exsangue
1507 2141 1804 2195 cuminum.

471 2222 521 2276 Ο
547 2222 864 2288 imitatores,
895 2241 1109 2278 servum
1133 2243 1317 2295 pecus,
1347 2232 1411 2279 ut
1434 2226 1571 2278 mihi
1596 2244 1753 2296 saepe

368 2312 432 2359 20
471 2307 654 2374 bilem,
685 2325 844 2379 saepe
868 2309 1048 2362 iocum
1073 2311 1239 2364 vestri
1263 2328 1480 2364 movere
1500 2310 1802 2364 tumultus!

466 2392 666 2447 Libera
687 2410 785 2464 per
808 2410 1036 2447 vacuum
1072 2396 1231 2464 posui
1256 2397 1489 2466 vestigia
1511 2395 1779 2466 princeps,

467 2495 578 2531 non
604 2479 783 2532 aliena
804 2496 926 2531 meo
950 2479 1122 2549 pressi
1144 2480 1301 2549 pede.
1342 2482 1435 2551 qui
1462 2482 1567 2535 sibi
1590 2481 1729 2547 fidit,

469 2562 584 2617 dux
607 2565 751 2634 regit
774 2581 1019 2618 examen.
1069 2565 1258 2619 Parios
1283 2584 1388 2636 ego
1412 2567 1617 2638 primus
1644 2567 1851 2620 iambos

468 2649 686 2703 ostendi
708 2650 888 2715 Latio,
919 2667 1172 2703 numeros
1197 2652 1514 2723 animosque
1540 2661 1758 2705 secutus

366 2737 430 2784 25
468 2733 803 2799 Archilochi,
833 2752 944 2788 non
968 2753 1054 2788 res
1080 2743 1136 2789 et
1159 2738 1379 2806 agentia
1400 2738 1565 2793 verba
1584 2737 1914 2807 Lycamben.

466 2835 529 2871 ac
553 2836 622 2872 ne
645 2836 733 2873 me
755 2821 902 2875 foliis
927 2821 1052 2874 ideo
1077 2822 1417 2875 brevioribus
1443 2839 1618 2886 ornes,

467 2904 616 2972 quod
639 2903 801 2958 timui
824 2913 1036 2960 mutare
1059 2907 1251 2960 modos
1277 2914 1333 2961 et
1356 2908 1607 2961 carminis
1632 2915 1832 2962 artemz

467 3029 503 3072 1.
546 3028 568 3071 1
608 3030 781 3076 credas.
853 3031 883 3075 4
923 3033 1147 3080 adscribit.
1224 3033 1252 3078 8
1290 3036 1495 3093 prosiliit.
1571 3034 1632 3079 10
1670 3036 1832 3092 edixit3
1869 3035 2020 3080 cdixti.
2096 3033 2156 3078 15
2195 3036 2340 3093 Hyar-

329 3095 489 3151 bitnm3
517 3096 802 3155 Iarbithrcm3
827 3100 1064 3146 Yon-bitum.
1176 3102 1235 3146 17
1275 3104 1381 3162 quid
1405 3105 1459 3148 si.
1570 3102 1649 3150 19.
1679 3101 1743 3148 20
1779 3112 1825 3148 ut
1852 3103 1954 3148 mihi
1981 3103 2124 3160 bilem,
2163 3112 2210 3150 ut
2235 3102 2339 3147 mihi

328 3175 461 3221 saepe
485 3164 641 3209 iocum.
714 3163 776 3208 22
817 3166 935 3211 fidet.
1009 3166 1072 3212 23
1111 3178 1251 3227 reget.

446 3231 499 3274 ΙΙ.
537 3232 616 3276 Ad
650 3232 1042 3279 Maecenatem
1078 3239 1257 3295 epist.
1286 3236 1369 3282 20.
1397 3261 1463 3271 -
1495 3238 1515 3281 1
1547 3253 1788 3284 moecenas.
1860 3238 1891 3283 4
1917 3242 2138 3298 ascripsit.
2213 3236 2273 3285 10
2299 3240 2336 3283 si

328 3298 418 3343 mul
442 3299 609 3343 edixit:
636 3312 734 3344 uec.
810 3300 868 3344 11
909 3315 1087 3349 cessare
1113 3318 1251 3350 mero.
1344 3303 1404 3348 12
1440 3307 1550 3352 vult.
1640 3305 1701 3350 13
1739 3308 1951 3353 simulet.
2040 3306 2102 3351 14
2139 3309 2336 3353 virtutem

328 3378 401 3410 ne.
468 3365 527 3410 15
556 3366 810 3414 man-bitum.
876 3367 939 3413 18
966 3384 1181 3429 exangue.
1244 3371 1309 3416 22
1336 3373 1476 3418 aliena
1501 3374 1613 3419 malo
1637 3388 1732 3419 meo
1751 3397 1815 3407 —
1838 3375 1956 3421 fidet.
2018 3373 2082 3420 25
2109 3376 2337 3421 licumben.
