2667 3809
340 258 438 309 194
1028 260 1444 317 ΕΡῙβΤοιΑΒυΜ
1468 249 1517 313 Ι,
1551 252 1632 301 10.

476 407 707 477 dignum
730 412 912 458 mente
937 404 1209 474 domoque
1232 402 1469 473 legentis
1494 402 1724 457 honesta
1745 401 2001 467 Neronis,

410 502 438 546 5
475 509 700 547 munere
725 506 848 543 cum
871 488 1031 558 fungi
1054 488 1324 560 propioris
1351 494 1535 541 censet
1559 487 1748 541 amici:

480 578 613 649 quid
638 575 843 647 possim
865 575 1016 628 videt
1040 591 1101 627 ac
1126 574 1281 627 novit
1303 591 1392 627 me
1417 573 1630 628 valdius
1655 573 1795 643 ipso.

478 662 655 716 multa
677 661 900 730 quidem
925 658 1058 723 dixi,
1089 676 1185 712 cur
1209 666 1502 712 excusatus
1526 658 1760 722 abirem3

478 747 574 801 sed
597 746 776 810 timui,
809 762 931 798 mea
952 761 1021 797 ne
1045 743 1267 798 finxisse
1291 745 1503 798 minora
1527 751 1767 814 putarer,

480 831 851 886 dissimulator
875 830 993 901 opis
1018 830 1285 901 propriae,
1313 829 1452 882 mihi
1478 829 1794 882 commodus
1819 828 1935 881 uni.

382 925 443 970 10
479 918 559 971 sic
584 935 690 988 ego
710 916 929 970 maioris
954 915 1171 986 fugiens
1196 915 1489 985 opprobria
1512 915 1702 983 culpae

479 1003 676 1056 frontis
700 1002 771 1054 ad
795 1002 1033 1055 urbanae
1059 1001 1317 1054 descendi
1342 1001 1598 1070 praemia.
1652 998 1865 1059 Quodsi

483 1088 793 1158 depositum
816 1086 1007 1140 laudas
1033 1087 1103 1138 ob
1127 1085 1285 1139 amici
1311 1087 1459 1139 iussa
1482 1086 1763 1155 pudorem,

483 1173 656 1227 scribe
680 1172 764 1226 tui
787 1172 970 1242 gregis
995 1171 1140 1224 hunc
1166 1179 1221 1224 et
1244 1171 1441 1225 fortem
1466 1171 1625 1224 crede
1650 1170 1983 1243 bonumque.

1301 1461 1395 1523 X.

973 1612 1078 1665 (Ad
1108 1612 1395 1656 Aristlum
1422 1614 1716 1665 Fuscum.)
1754 1658 1761 1662 ,

486 1736 647 1791 Urbis
672 1740 966 1787 amatorem
993 1734 1229 1786 Fuscum
1256 1734 1461 1787 salvere
1485 1734 1737 1786 iubemus

485 1821 627 1874 ruris
653 1826 937 1883 amatores,
967 1819 1067 1871 hac
1093 1819 1149 1871 in
1173 1836 1231 1872 re
1257 1818 1465 1872 scilicet
1490 1836 1598 1872 una

486 1906 721 1959 multum
748 1904 1055 1968 dissimiles,
1086 1910 1142 1957 at
1165 1911 1345 1957 cetera
1368 1922 1539 1974 paene
1564 1904 1785 1975 gemelli

486 1988 738 2042 fraternis
762 1988 958 2041 animis
984 1988 1252 2058 quidquid
1275 1997 1444 2059 negat
1465 1989 1619 2054 alter,
1651 1998 1708 2043 et
1730 1990 1897 2054 alter3

422 2083 450 2126 5
487 2074 778 2128 annuimus
802 2074 1003 2144 pariter
1028 2073 1197 2127 vetuli
1220 2075 1450 2144 notique
1473 2074 1730 2128 columbi.

489 2166 552 2212 tu
576 2159 767 2212 nidum
792 2176 990 2223 servas,
1022 2176 1124 2228 ego
1149 2159 1315 2212 laudo
1341 2160 1482 2213 ruris
1508 2161 1722 2213 amoeni

484 2243 630 2296 rivos
655 2250 711 2296 et
731 2261 919 2297 musco
946 2243 1247 2297 circumlita
1272 2261 1403 2297 saxa
1425 2262 1746 2314 nemusque.

491 2328 625 2398 quid
652 2329 904 2398 quaeris?
937 2329 1062 2383 vivo
1090 2336 1143 2383 et
1166 2346 1356 2400 regne,
1387 2329 1550 2383 simul
1572 2330 1680 2383 ista
1702 2328 1898 2399 reliqui

466 2411 470 2417 '
491 2431 629 2484 quae
652 2431 750 2467 vos
775 2414 845 2468 ad
869 2413 1078 2468 caelum
1102 2415 1254 2468 fertis
1279 2431 1497 2468 rumore
1523 2414 1781 2478 secundO,

390 2504 452 2552 1.0
490 2508 661 2570 utque
686 2498 981 2553 sacerdotis
1006 2499 1275 2570 fugitivus
1302 2499 1416 2552 liba
1437 2515 1659 2563 recus03
1786 2500 1789 2503 ’

489 2603 628 2657 pane
655 2601 789 2654 egeo
815 2584 921 2637 iam
946 2584 1168 2638 mellitis
1193 2584 1405 2654 potiore
1429 2583 1713 2655 placentis.

489 2669 685 2723 Vivere
710 2676 937 2723 naturae
960 2670 1007 2722 si
1032 2670 1419 2723 convenienter
1443 2677 1661 2740 oportet

490 2754 883 2825 ponendaeque
908 2753 1071 2807 domo
1097 2755 1407 2824 quaerenda
1433 2761 1518 2807 est
1540 2753 1940 2827 areaprimum,

488 2840 760 2894 novistine
785 2838 965 2892 locum
991 2839 1260 2909 potiorem
1283 2857 1408 2893 rure
1434 2840 1628 2892 beato?

494 2984 531 3029 1.
568 2981 598 3026 6
634 2996 810 3040 possum
838 3006 898 3014 ·-
925 2985 1117 3040 agnovit.
1146 3005 1211 3015 —
1248 2984 1305 3028 X.
1340 2980 1367 3027 3
1405 2982 1460 3027 ad
1486 2991 1648 3028 cetera.
1722 2981 1750 3026 5
1788 2983 1946 3029 vetulis
1972 2982 2172 3039 notisque
2197 2980 2366 3024 colum-

354 3053 438 3097 bis.
512 3048 541 3093 9
579 3051 762 3096 effertis.
836 3048 896 3093 12
934 3052 1016 3096 sic.
1093 3050 1152 3095 13
1189 3052 1494 3111 ponendaque.

474 3119 528 3162 11.
569 3116 599 3162 8
637 3120 757 3163 timui
794 3132 850 3163 nc
890 3119 1081 3170 (ea-cidit
1114 3123 1244 3173 mea).
1295 3142 1362 3152 —
1411 3120 1468 3165 X.
1504 3121 1691 3178 Epist.
1735 3118 1796 3164 10
1833 3119 1912 3164 Ad
1949 3119 2193 3162 Fuscum
2228 3116 2365 3160 Ari-

355 3188 545 3233 stium.
570 3206 640 3217 —-
678 3182 706 3228 3
744 3185 798 3230 ad
824 3193 987 3230 cetera.
1059 3185 1088 3229 4
1127 3187 1352 3246 quicquid.
1430 3186 1490 3231 14
1529 3190 1687 3233 novisti
1713 3203 1785 3233 uc.

448 3253 528 3298 ΙΙΙ.
567 3251 596 3295 4
634 3252 870 3310 lengentis.
943 3252 972 3297 6
1000 3256 1216 3311 ugcnovit.
1241 3278 1310 3286 -
1345 3256 1402 3300 X.
1438 3256 1517 3300 Ad
1540 3257 1830 3302 Aristium
1856 3257 2103 3300 Fuscum
2130 3255 2365 3298 Grama-

355 3323 554 3366 ticum.
588 3342 658 3352 —
706 3317 734 3363 3
774 3321 830 3364 ad
853 3327 1014 3365 cetera.
1100 3321 1132 3364 4
1169 3323 1392 3381 quicquid.
1485 3323 1513 3367 5
1551 3325 1780 3370 adnuimus
1808 3326 2070 3377 (correctum
2095 3322 2363 3373 annulatus).

361 3386 391 3431 8
426 3402 476 3433 re
505 3389 711 3447 refinqui.
