2667 3809
290 287 390 338 222
998 286 1410 330 Erlsromnmr
1433 275 1480 340 Ι,
1516 277 1599 327 18.

1156 452 1428 521 XVIII.

1088 610 1194 663 (Αιι
1221 608 1520 660 molinum.)

440 739 500 792 Si
522 737 662 790 bene
686 743 742 791 te
766 733 914 798 novi,
943 740 1173 796 metues,
1202 730 1477 785 liberrime
1501 730 1666 794 Lolli,

438 821 735 877 scurrantis
762 819 994 890 speciem
1019 817 1275 888 praebere
1300 816 1578 887 professus
1603 814 1855 868 amicum.

438 916 502 962 ut
525 914 775 961 matrona
798 905 1070 959 meretrici
1096 905 1279 974 dispar
1302 902 1407 956 erit
1431 910 1594 972 atque
1655 890 1658 899 ⁹

441 993 694 1057 discolor,
725 992 894 1044 infido
920 1008 1136 1044 scurrae
1161 987 1389 1049 distabit
1413 987 1635 1040 amicus.

376 1088 406 1133 5
443 1079 549 1132 Est
568 1078 698 1131 huic
723 1078 996 1131 diversum
1022 1075 1156 1129 vitio
1180 1075 1377 1127 vitium
1402 1090 1571 1144 prope
1595 1072 1788 1137 maius,

443 1164 704 1234 asperitas
729 1162 957 1233 agrestis
983 1167 1039 1213 et
1062 1159 1390 1215 inconcinna
1413 1159 1722 1230 gravisque,

426 1241 583 1320 ‘quae
610 1265 667 1302 se
693 1248 1037 1302 commendat
1059 1253 1219 1299 tonsa
1244 1253 1387 1310 cute,
1423 1244 1679 1298 dentibus
1705 1243 1869 1306 atris‚·

445 1336 576 1388 dum
602 1335 722 1389 vult
746 1334 970 1387 libertas
997 1332 1105 1385 dici
1129 1349 1278 1384 mera
1301 1347 1538 1401 veraque
1562 1331 1756 1384 virtus.

444 1421 617 1474 virtus
643 1427 727 1474 est
748 1419 990 1473 medium
1014 1418 1270 1472 vitiorum
1296 1422 1353 1469 et
1378 1415 1634 1486 utrinque
1658 1414 1965 1468 reductum.

350 1513 409 1559 10
448 1506 584 1559 alter
608 1506 666 1559 in
693 1503 1016 1574 obsequium
1042 1501 1175 1573 plus·
1190 1518 1364 1571 aequo
1389 1518 1594 1571 pronus
1621 1507 1677 1553 et
1700 1499 1796 1553 imi

447 1591 655 1644 derisor
679 1589 824 1654 lecti,
860 1588 936 1642 sic
962 1596 1159 1641 nutum
1185 1586 1372 1640 divitis
1396 1587 1600 1651 horret,

447 1678 524 1732 sic
549 1677 712 1730 iterat
735 1692 894 1729 voces
921 1681 977 1727 et
999 1673 1163 1727 verba
1188 1672 1438 1726 cadentia
1461 1672 1626 1736 tollit.

447 1770 512 1816 ut
534 1779 765 1832 puerum
791 1777 952 1813 saevo
978 1760 1163 1812 credas
1189 1759 1395 1812 dictata
1418 1758 1681 1828 magistro

447 1847 675 1901 reddere
699 1845 786 1898 vel
810 1851 991 1915 partes
1015 1844 1241 1897 mimum
1268 1851 1499 1898 tractare
1525 1844 1811 1898 secundaS.

352 1942 411 1985 15
451 1933 588 1986 alter
610 1932 824 1984 rixatur
848 1931 916 1982 de
940 1930 1066 1982 lana
1090 1947 1250 2000 saepe
1276 1930 1512 2000 caprina,

452 2023 767 2088 propugnat
790 2015 952 2086 nugis
979 2023 1248 2073 armatus:
1290 2016 1541 2082 „scilicet
1567 2023 1630 2069 ut
1652 2032 1764 2068 non

450 2102 522 2156 sit
544 2102 676 2155 mihi
700 2101 875 2171 prima
899 2101 1033 2154 fides
1059 2108 1114 2154 et
1138 2104 1438 2176 verequod
1467 2102 1647 2173 placet
1670 2108 1734 2154 ut
1758 2118 1868 2153 non

454 2188 648 2242 acriter
673 2187 938 2241 elatrem?
975 2188 1211 2259 pretium
1236 2199 1387 2247 aetas
1412 2189 1583 2243 altera
1605 2187 1856 2243 sordet.“

454 2273 750 2344 ambigitur
775 2274 908 2345 quid
933 2275 1112 2328 enim?
1164 2275 1356 2329 Castor
1381 2274 1517 2327 sciat
1541 2291 1611 2327 an
1635 2272 1901 2327 Dolichos
1925 2270 2077 2341 plus3

352 2367 416 2412 20
454 2359 818 2423 Brundisium,
833 2360 1049 2414 Minuci
1072 2360 1267 2413 melius
1293 2360 1382 2414 via
1408 2360 1571 2413 ducat
1594 2376 1665 2412 an
1691 2357 1856 2428 Appi.

455 2448 632 2508 Quem
658 2446 918 2500 damnosa
942 2465 1129 2510 venus,
1161 2465 1321 2517 quem
1347 2464 1605 2518 praeceps
1629 2444 1747 2498 alea
1770 2442 1961 2506 nudat,

452 2532 627 2604 gloria
650 2551 810 2603 quem
837 2549 999 2603 supra
1023 2532 1163 2586 vires
1188 2542 1241 2587 et
1266 2532 1432 2584 vestit
1456 2540 1512 2584 et
1537 2530 1753 2601 unguit,
2052 2521 2061 2525 ’

454 2614 615 2689 quem
640 2625 793 2671 tenet
816 2617 1030 2688 argenti
1056 2615 1174 2670 sitis
1200 2617 1512 2688 importuna
1536 2616 1829 2684 famesque,

453 2722 614 2774 quem
639 2702 976 2774 paupertatis
1001 2701 1179 2773 pudor
1203 2710 1259 2755 et
1281 2702 1431 2772 fuga,
1461 2702 1612 2757 dives
1637 2700 1842 2754 amicus

352 2795 414 2840 25
453 2806 613 2859 saepe
639 2790 825 2842 decem
848 2788 996 2842 vitiis
1021 2784 1339 2841 instructior
1363 2788 1482 2841 odit
1506 2794 1561 2840 et
1584 2788 1787 2850 horret,

454 2882 549 2926 aut
574 2873 620 2926 si
643 2890 755 2926 non
782 2874 915 2939 odit,
944 2872 1089 2944 regit
1111 2891 1173 2926 ac
1196 2873 1368 2928 veluti
1393 2873 1484 2943 pia
1505 2880 1679 2926 mater

456 3020 496 3062 l.
530 3017 560 3060 4
599 3032 771 3062 scurra.
848 3018 875 3061 5
914 3027 957 3063 ot
981 3033 1133 3077 prope.
1210 3017 1237 3062 8
1271 3033 1390 3064 mera
1416 3019 1516 3063 dici.
1591 3016 1620 3063 9
1647 3019 1886 3065 redactum.
1964 3015 2022 3059 11
2053 3017 2119 3061 sic
2142 3014 2328 3060 vultum.

323 3087 383 3130 14
412 3088 603 3131 nimium.
680 3086 740 3129 15
766 3087 962 3144 rixatum
990 3089 1159 3131 rixatur
1183 3109 1251 3121 —
1275 3089 1453 3146 caprina
1479 3095 1537 3132 et.
1604 3085 1663 3131 19
1690 3087 1884 3142 Dolici83
1913 3084 2092 3130 Docilis.
2140 3081 2217 3149 ‘20
2244 3082 2330 3127 Mi-

319 3157 443 3211 uu1i3
471 3156 664 3210 Numici3
691 3154 868 3199 Minici.

436 3222 495 3266 11.
530 3222 606 3266 Ad
644 3223 909 3267 Lollium
947 3224 1128 3281 epist.
1161 3222 1239 3268 19.
1276 3246 1342 3255 —
1385 3221 1412 3267 2
1449 3226 1704 3269 scrutantis.
1811 3221 1841 3266 4
1879 3223 2041 3267 invido.
2151 3221 2178 3265 5
2215 3221 2328 3265 vicio

319 3293 490 3337 vicium.
569 3292 593 3334 7
632 3304 743 3350 quac
769 3292 822 3335 si.
898 3288 926 3333 8
953 3303 1073 3335 mera
1096 3291 1181 3335 dici
1204 3306 1411 3351 veraque.
1483 3291 1512 3336 9
1538 3295 1745 3338 viciorum
1771 3292 2003 3350 utrimque.
2082 3288 2143 3334 13
2169 3290 2329 3335 dictata

320 3361 596 3471 {gangim-o.
674 3357 734 3402 18
771 3360 983 3417 precium.
1059 3357 1119 3402 19
1158 3360 1338 3405 Docilis.
1411 3357 1474 3404 20
1514 3361 1807 3407 Brundusium
1833 3360 2019 3408 Numici.
2094 3357 2157 3402 22
2184 3360 2329 3416 ungit.

424 3441 563 3473 vicus.
1748 3436 1755 3440 ·
