2667 3809
347 268 449 321 272
1078 275 1493 318 nnsromnun
1517 262 1628 317 111.

484 418 680 473 utiam
704 434 853 471 nunc
878 416 1027 473 dicat
1048 417 1157 471 iam
1179 434 1328 471 nunc
1353 416 1610 471 debentia
1633 415 1760 480 dici,

485 503 745 576 pleraque
770 502 985 557 differat
1008 509 1065 557 et
1086 519 1342 574 praesens
1369 503 1427 556 in
1450 510 1666 574 tempus
1691 503 1941 568 omittat,

380 597 446 642 45
483 589 589 643 hoc
613 596 774 654 amet,
803 589 910 643 hoc
934 596 1157 660 spernat
1179 589 1432 659 promissi
1457 589 1710 643 carminis
1734 596 1942 649 auctor.

479 675 549 728 In
572 674 752 729 verbis
777 674 939 728 etiam
963 674 1146 728 tenuis
1170 682 1475 745 cautusque
1499 675 1742 730 serendis

484 760 687 815 dixeris
712 760 950 830 egregie,
979 766 1173 814 notum
1198 760 1246 816 si
1272 760 1470 814 callida
1493 761 1719 815 verbum

477 845 781 901 reddiderit
802 845 1057 898 iunctura
1078 862 1301 900 novum.
1340 842 1389 899 ai
1413 845 1554 899 forte
1576 863 1796 900 necesse
1820 852 1905 900 est

478 931 697 986 indiciis
722 937 1021 983 monstrare
1052 931 1361 984 recentibus
1387 931 1576 985 abdita
1596 949 1796 996 rerum,

379 1026 443 1073 50
480 1018 686 1089 fingere
711 1015 967 1070 cinctutis
991 1033 1104 1069 non
1127 1015 1386 1070 exaudita
1412 1016 1670 1086 Cethegis

480 1103 796 1172 continget,
811 1101 1140 1171 dabiturque
1164 1100 1387 1154 licentia
1410 1110 1630 1172 sumpta
1650 1102 1949 1173 pudenter3

481 1196 537 1244 et
559 1206 703 1243 nova
726 1187 958 1258 fictaque
982 1204 1157 1257 nuper
1180 1187 1465 1241 habebunt
1488 1189 1654 1242 verba
1675 1188 1854 1253 fidem,
1889 1187 1936 1241 si

478 1275 686 1330 Graeco
709 1273 861 1326 fonte
886 1271 1100 1337 cadent,
1128 1289 1290 1342 parce
1314 1273 1548 1328 detorta.
1587 1274 1720 1344 quid
1743 1281 1926 1328 autem

479 1360 715 1415 Caecilio
740 1360 1046 1430 Plautoque
1071 1358 1226 1412 dabit
1246 1358 1532 1412 Romanus
1555 1359 1870 1430 ademptum

377 1455 440 1500 55
478 1445 711 1516 Virgilio
737 1445 1047 1516 Varioque?
1084 1463 1188 1516 ego
1213 1462 1326 1510 cur,
1356 1445 1639 1515 acquirere
1658 1461 1833 1515 pauca

477 1533 524 1586 si
547 1548 789 1603 possum,
819 1529 1086 1596 invideor‚
1116 1548 1239 1584 cum
1264 1530 1457 1601 lingua
1477 1530 1700 1585 Catonis
1725 1538 1782 1585 et
1802 1531 1952 1585 Enni

476 1635 777 1674 sermonem
803 1616 1039 1687 patrium
1066 1615 1323 1670 ditaverit
1346 1622 1402 1669 et
1425 1632 1568 1669 nova
1589 1633 1771 1670 rerum

472 1704 695 1758 nomina
718 1702 1048 1773 protulerit?
1084 1701 1241 1755 licuit
1264 1718 1583 1771 semperque
1606 1701 1796 1755 licebit
1820 1726 1824 1733 ·

472 1790 749 1861 signatum
775 1794 1060 1857 praesente
1084 1793 1215 1840 nota
1238 1787 1539 1857 producere
1562 1803 1781 1841 nomen.

373 1883 437 1932 60
475 1882 540 1929 ut
563 1873 730 1928 silvae
754 1872 901 1926 foliis
925 1888 1127 1942 pronos
1151 1880 1436 1926 mutantur
1459 1872 1517 1925 in
1543 1889 1734 1938 annos,

473 1959 647 2030 prima
673 1956 907 2011 caduntz
945 1957 1026 2010 ita
1048 1956 1333 2011 verborum
1360 1965 1516 2012 vetus
1540 1958 1730 2012 interit
1752 1962 1919 2024 aetas,

475 2044 814 2115 etinvenum
839 2042 951 2095 ritu
977 2041 1173 2096 florent
1195 2043 1360 2098 modo
1386 2051 1517 2098 nata
1539 2043 1855 2114 vigentque.

470 2129 753 2184 Debemur
776 2128 940 2182 morti
964 2145 1066 2182 nos
1090 2136 1404 2200 nostraque.
1443 2128 1561 2184 sive
1581 2136 1833 2199 receptus

474 2222 619 2269 terra
641 2213 935 2285 Neptunus
960 2214 1158 2268 classes
1182 2215 1531 2286 aquilonibus
1555 2221 1721 2279 arcet,

372 2308 436 2354 65
472 2300 619 2371 regis
644 2317 800 2371 opus,
831 2300 1097 2354 sterilisve
1122 2300 1217 2354 diu
1242 2301 1399 2371 palus
1424 2307 1661 2371 aptaque
1682 2300 1846 2354 remis

471 2385 679 2441 vicinas
704 2385 865 2440 urbes
888 2386 985 2440 alit
1012 2393 1068 2439 et
1091 2402 1257 2456 grave
1280 2386 1451 2439 sentit
1472 2393 1731 2451 aratrum,

470 2489 568 2526 seu
593 2489 812 2526 cursum
835 2472 1071 2526 mutavit
1094 2472 1345 2542 iniquum
1369 2471 1622 2542 frugibus
1646 2471 1820 2529 amnis

470 2558 667 2612 doctus
690 2557 796 2611 iter
820 2557 1044 2612 meliust
1082 2556 1332 2611 mortalia
1354 2556 1500 2611 facta
1520 2544 1797 2627 peribunt,

323 2714 330 2718 -
469 2643 674 2699 nedum
698 2659 1007 2697 sermonum
1034 2649 1144 2696 stet
1166 2642 1343 2697 honos
1368 2650 1425 2696 et
1447 2643 1626 2713 gratia
1648 2643 1830 2698 vivax.

370 2734 434 2780 70
470 2727 645 2782 multa
666 2737 1038 2794 renascentur,
1069 2745 1208 2798 quae
1232 2727 1340 2780 iam
1367 2727 1626 2789 cecidere,
1657 2728 1961 2799 cadentque

468 2831 608 2885 quae
632 2831 779 2868 nunc
804 2813 1014 2868 suntin
1039 2813 1247 2867 honore
1270 2811 1554 2878 vocabula,
1583 2812 1631 2866 si
1654 2813 1805 2867 volet
1827 2830 1977 2879 usus,

468 2916 630 2970 quem
654 2916 820 2969 penes
835 2898 1130 2955 arbitrium
1154 2905 1239 2953 est
1262 2905 1319 2953 et
1341 2898 1429 2952 ius
1453 2905 1510 2952 et
1532 2915 1723 2952 norma
1744 2898 2026 2969 loquendi.

464 3078 518 3121 Α.
559 3077 734 3127 (versus
757 3074 822 3120 45
841 3084 887 3120 et
904 3075 970 3121 46
997 3078 1174 3124 inverso
1197 3078 1389 3131 ordinm)
1439 3075 1505 3122 49
1530 3088 1678 3123 rerum
1702 3085 1764 3122 et.
1813 3074 1876 3121 52
1904 3078 2125 3135 factaque.
2174 3073 2241 3120 53
2267 3089 2352 3122 en·

326 3145 458 3200 daun
483 3143 661 3189 eadunt.
722 3143 784 3188 5⁴
814 3145 960 3201 dedit3
985 3144 1129 3191 dabat,
1193 3145 1258 3191 56
1284 3147 1465 3205 possim.
1525 3144 1590 3190 59
1617 3146 1862 3205 procudere
1887 3159 2121 3192 nummum.
2178 3142 2250 3190 62
2276 3147 2354 3191 vi·

327 3220 568 3327 ςοῖιιιιέιιιῖἰ.
587 3210 653 3324 ξιὸ
679 3213 944 3272 sterilisque.
1018 3211 1104 3266 (65
1130 3215 1257 3273 palus
1280 3215 1384 3273 diu3
1409 3214 1537 3274 palus
1560 3216 1724 3273 prius.)
1801 3212 1886 3267 (68
1912 3223 2071 3261 cuncta
2095 3214 2348 3274 peribant.)

464 3350 516 3393 B.
555 3344 622 3391 49
659 3348 809 3405 aptita·
881 3344 945 3391 53
982 3348 1153 3394 cadant.
1228 3348 1291 3393 55
1327 3365 1538 3411 varoque.
1626 3349 1692 3398 56
1729 3352 1954 3399 Gatbonis.
2045 3350 2110 3398 65
2148 3350 2351 3398 sterilis-

327 3429 426 3474 que.
503 3412 569 3461 67
603 3415 799 3462 natabit.
