2667 3809
359 254 430 306 36
1123 265 1461 307 summm
1485 253 1532 317 1,
1564 256 1615 305 3.

1297 476 1430 539 ΙΙΙ.

1187 625 1536 678 (rigemus.)

499 763 768 818 Omnibus
792 765 897 818 hoc
921 765 1115 818 vitium
1141 770 1225 817 est
1249 763 1580 828 cantoribus,
1611 763 1752 816 inter
1777 764 1977 820 amicos

495 855 561 902 ut
583 867 862 919 nunquam
887 849 1148 903 inducant
1171 849 1413 902 animum
1441 856 1657 901 cantare
1681 849 1878 918 rogati,

497 932 694 987 iniussi
717 949 997 1004 nunquam
1022 933 1307 987 desistant.
1361 931 1565 985 Sardus
1590 932 1826 988 habebat

499 1017 596 1072 ille
619 1018 888 1090 Tigellius⁴
906 1019 1031 1072 hoc.
1084 1018 1297 1084 Caesar,
1326 1017 1423 1087 qui
1447 1034 1640 1087 cogere
1664 1026 1864 1088 posset,

431 1111 460 1154 5
498 1103 545 1158 si
568 1110 779 1175 peteret
801 1121 898 1174 per
920 1103 1211 1156 amicitiam
1236 1102 1405 1174 patris
1429 1107 1595 1172 atque
1618 1119 1789 1168 suam,
1818 1120 1930 1157 non

499 1188 796 1260 quidquam
820 1187 1131 1259 proficeret3
1171 1188 1218 1241 si
1242 1185 1581 1242 collibuisset
1594 1226 1609 1252 ,
1639 1187 1708 1240 ab
1733 1206 1836 1243 ovo

495 1291 670 1345 usque
694 1272 764 1326 ad
788 1273 927 1326 mala
954 1273 1176 1326 citaret=
1216 1272 1325 1337 „Io
1352 1272 1593 1325 Bacche!
1618 1277 1655 1303 ‘⁴
1692 1272 1855 1325 modo
1881 1290 2095 1327 summa

496 1376 647 1424 voce,
681 1358 845 1411 modo
870 1358 971 1410 hac
994 1364 1212 1411 resonat
1235 1375 1373 1427 quae
1400 1356 1616 1410 chordis
1642 1363 1899 1425 quattuor
1922 1358 2049 1412 ima.

494 1443 591 1497 Nil
614 1443 840 1513 aequale
864 1443 1074 1496 homini
1097 1442 1204 1495 fuit
1228 1441 1331 1495 illi.
1372 1458 1530 1511 saepe
1554 1440 1706 1495 velut
1728 1441 1823 1513 qui

397 1535 458 1581 10
496 1529 749 1583 currebat
770 1527 989 1597 fugiens
1011 1527 1256 1591 hostem3
1296 1543 1554 1597 persaepe
1579 1526 1731 1579 velut
1754 1527 1849 1596 qui

496 1614 727 1670 Iunonis
752 1629 903 1666 sacra
924 1612 1119 1676 ferret3
1159 1611 1397 1664 habebat
1420 1628 1578 1683 saepe
1603 1611 1884 1676 ducentos,

496 1715 655 1768 saepe
680 1697 865 1750 decem
890 1713 1104 1762 servos3
1144 1696 1308 1749 modo
1330 1714 1487 1767 reges
1512 1704 1676 1767 atque
1700 1697 2017 1760 tetrarchas,

492 1783 678 1835 omnia
699 1798 899 1851 magna
921 1780 1168 1850 loquens,
1197 1781 1363 1834 modo
1390 1782 1506 1846 „sit
1527 1782 1663 1835 mihi
1686 1800 1873 1836 mensa
1895 1783 2065 1853 tripes
2091 1791 2154 1837 et

496 1866 702 1920 concha
725 1866 852 1919 salis
876 1864 1001 1935 puri
1025 1873 1080 1918 et
1104 1870 1235 1936 toga
1258 1883 1397 1936 quae
1420 1866 1710 1921 defendere
1734 1868 1909 1938 frigus

396 1960 456 2005 15
496 1951 743 2022 quamvis
768 1968 946 2003 crassa
969 1952 1164 2021 queat!
1189 1955 1226 1981 “
1274 1950 1471 2005 Decies
1497 1960 1726 2005 centena
1750 1952 1990 2005 dedisses

492 2037 622 2089 huic
645 2052 808 2107 parco
832 2036 1020 2106 paucis
1044 2043 1319 2101 contentu,
1351 2037 1593 2107 quinque
1618 2037 1810 2091 diebus

493 2122 574 2175 nil
598 2129 713 2175 erat
736 2121 795 2174 in
818 2120 1031 2173 loculis.
1081 2120 1285 2174 Noctes
1309 2121 1571 2192 vigilabat
1593 2123 1663 2176 ad
1686 2124 1866 2193 ipsum

493 2224 670 2272 mane,
699 2206 844 2260 diem
868 2213 1045 2259 totum
1070 2205 1350 2259 stertebat.
1402 2206 1498 2260 Nil
1520 2207 1626 2260 fuit
1649 2225 1890 2278 unquam

493 2293 571 2345 sic
596 2292 769 2362 impar
793 2291 916 2345 sibi.
945 2320 1013 2330 —
1036 2290 1198 2345 Nunc
1223 2292 1420 2361 aliquis
1446 2293 1592 2346 dicat
1613 2293 1781 2346 mihit
1823 2292 2021 2357 „Quid
2053 2299 2115 2346 tu
2133 2293 2162 2346 Ξ)

392 2384 456 2430 20
494 2378 715 2431 nullane
739 2377 907 2431 habes
932 2376 1107 2430 vitia?
1125 2382 1161 2408 “
1211 2377 1388 2430 Immo
1414 2377 1522 2430 alia
1545 2383 1600 2430 et
1621 2377 1847 2431 fortasse
1872 2377 2101 2430 minora.

493 2463 745 2517 Maenius
770 2463 1050 2516 absentem
1071 2460 1310 2515 Novium
1338 2479 1462 2515 cum
1487 2469 1761 2532 carperet:
1801 2462 2003 2530 „Heus
2028 2468 2134 2516 tu“

491 2549 713 2620 quidam
737 2548 842 2613 ait,
884 2547 1148 2617 „ignoras
1172 2553 1228 2600 te
1252 2564 1323 2600 an
1346 2554 1411 2600 ut
1433 2547 1686 2618 ignotum
1710 2547 1837 2600 dare
1861 2547 2020 2600 nobis

489 2634 654 2686 ver-ba
677 2639 837 2703 putas
854 2633 879 2685 Ρ
896 2637 933 2663 “
961 2661 1030 2670 -
1056 2631 1339 2700 „Egomet
1362 2632 1437 2685 mi
1462 2632 1732 2702 ignosco“
1759 2633 2014 2685 Maenius
2038 2632 2244 2703 inquit.

491 2718 704 2771 Stultus
731 2723 786 2771 et
807 2715 1086 2786 improbus
1112 2715 1200 2769 hic
1226 2733 1377 2769 amor
1400 2724 1482 2771 est
1507 2717 1816 2788 dignusque
1839 2717 2037 2770 notari.
2151 2717 2157 2721 “

387 2807 452 2854 25
491 2803 629 2857 Cum
652 2809 751 2855 tua
772 2801 1053 2871 pervideas
1080 2801 1250 2855 oculis
1274 2801 1418 2855 mala
1440 2802 1621 2874 lippus
1645 2801 1905 2867 inunctis,

492 2903 587 2940 cur
610 2885 668 2939 in
692 2886 987 2944 amicorum
1012 2886 1159 2941 vitiis
1184 2894 1295 2940 tam
1322 2888 1497 2941 cernis
1528 2895 1767 2954 acutum,

490 2987 653 3040 quam
678 2977 774 3023 aut
797 2970 981 3040 aquila
1002 2977 1099 3024 aut
1122 2988 1342 3042 serpens
1366 2972 1700 3042 Epidaurius
1716 2974 1741 3026 Ρ
1787 2974 1867 3026 At
1890 2970 1994 3025 tibi
2018 2976 2209 3025 contra

490 3054 672 3110 evenit
686 3093 701 3119 ,
730 3054 1010 3124 inquirant
1034 3055 1167 3109 vitia
1189 3061 1253 3109 ut
1275 3062 1374 3109 tua
1395 3074 1582 3111 rursus
1607 3064 1664 3111 et
1686 3056 1787 3111 illi.

492 3247 544 3301 (7
582 3249 799 3302 iteraret.)
826 3271 896 3281 -
919 3249 1134 3294 Bacchae.
1210 3247 1238 3293 8
1276 3249 1455 3296 chordis
1480 3263 1608 3311 quae.
1683 3250 1742 3294 11
1781 3250 1939 3296 alebat.
2021 3248 2085 3294 20
2124 3251 2241 3297 haud
2266 3252 2370 3297 for-

346 3324 499 3441 ¹1:⁸⁸0),
524 3316 840 3430 atg5forttlsse3
867 3324 912 3361 nt
936 3318 1142 3362 fortasse.
1213 3315 1275 3361 21
1304 3319 1531 3378 Μιονῐιιος
1557 3321 1735 3366 Novius.
1797 3317 1862 3363 25
1888 3320 2176 3379 praevideam
2200 3321 2268 3374 (tu
2291 3320 2370 3364 vi-

377 3398 470 3430 en.
666 3398 705 3429 n
753 3399 795 3430 e.
