2667 3809
458 275 530 336 ‘70
1229 293 1559 335 mmmmm
1580 279 1627 346 Ι,
1660 282 1709 333 8.

599 451 709 506 quo
734 434 918 498 fortes,
949 433 1146 505 quibus
1170 434 1455 489 adversum
1478 435 1680 489 bellum
1703 433 1915 488 incidit.
1953 433 2096 488 inter

598 522 841 580 Hectora
863 520 1170 574 Priamiden
1193 520 1495 575 animosum
1520 527 1681 591 atque
1710 521 1853 574 inter
1875 518 2147 574 Achillem

596 609 677 662 ira
700 608 807 661 fuit
830 606 1092 677 capitalis,
1121 615 1186 660 ut
1209 606 1400 660 ultima
1426 606 1691 660 divideret
1712 624 1874 670 mors,

598 711 709 747 non
732 693 892 747 aliam
918 691 988 746 ob
1010 709 1224 744 causam
1239 732 1252 756 ,
1281 692 1388 746 nisi
1413 692 1559 763 quod
1581 692 1752 746 virtus
1776 692 1834 746 in
1859 698 2092 764 utroque

500 787 559 833 15
597 796 807 835 summa
828 778 953 832 fuit.
993 777 1103 830 duo
1130 777 1176 830 si
1202 777 1471 830 discordia
1492 783 1654 831 vexet
1676 778 1894 844 inertes,

594 871 693 919 aut
715 865 762 919 si
787 862 1091 934 disparibus
1115 862 1317 916 bellum
1343 863 1574 928 incidat,
1605 870 1669 917 ut
1690 864 1946 918 Diomedi

596 968 718 1004 cum
741 949 910 1021 Lycio
937 949 1161 1014 Glauce,
1191 948 1433 1002 discedat
1455 948 1677 1019 pigrior,
1705 950 1851 1003 ultro

593 1035 908 1089 muneribus
931 1035 1138 1099 missis;
1167 1065 1235 1074 —
1258 1034 1431 1087 Bruto
1455 1040 1700 1104 praetore
1723 1041 1945 1088 tenente

597 1123 764 1176 ditem
787 1121 991 1186 Asiam,
1019 1119 1210 1191 Rupili
1234 1127 1290 1173 et
1311 1119 1463 1173 Persi
1487 1137 1583 1190 par
1605 1127 1839 1191 pugnat,
1869 1121 1950 1173 uti
1974 1137 2086 1173 non

493 1213 558 1260 20
597 1207 953 1278 compositum
977 1205 1170 1280 melius
1194 1223 1316 1259 cum
1341 1206 1506 1259 Bitho
1530 1207 1817 1260 Bacchius.
1855 1207 1913 1260 in
1936 1206 2022 1260 ius

593 1312 741 1348 acres
765 1299 1117 1365 procurrunt,
1146 1309 1404 1362 magnum
1428 1292 1792 1363 spectaculum
1817 1299 2063 1363 uterque.

589 1379 807 1433 Persius
830 1378 1055 1450 exponit
1079 1395 1292 1432 causam
1305 1400 1319 1443 3
1357 1377 1565 1431 ridetur
1588 1379 1654 1431 ab
1680 1377 1829 1432 omni

591 1472 881 1520 conventu.
920 1465 1107 1518 laudat
1129 1465 1362 1517 Brutum
1387 1462 1681 1534 laudatque
1705 1464 1999 1529 cohortem,
2073 1473 2083 1477 “

590 1551 759 1605 solem
783 1551 946 1604 Asiae
970 1551 1203 1603 Brutum
1224 1547 1489 1619 appellat,
1527 1548 1817 1620 stellasque
1841 1551 2081 1605 salubres

490 1642 552 1688 25
590 1635 828 1707 appel-lat
851 1634 1091 1698 comites,
1121 1641 1347 1707 excepto
1371 1635 1557 1703 Rege=
1597 1653 1782 1688 canem
1806 1636 1979 1701 illum,

590 1721 825 1775 invisum
850 1719 1100 1790 agricolis
1126 1719 1293 1784 sidus,
1322 1719 1562 1785 venisse3
1601 1721 1797 1775 ruebat

587 1807 788 1860 flumen
813 1813 876 1858 ut
897 1806 1184 1859 hibernum
1208 1805 1379 1858 fertur
1404 1822 1511 1875 quo
1534 1823 1655 1859 rara
1679 1808 1898 1861 securis.

589 1893 728 1946 Tum
752 1891 1137 1945 Praenestinus
1163 1890 1302 1944 salso
1328 1891 1610 1962 multoque
1633 1892 1825 1946 fluenti

589 1994 841 2049 expressa
863 1975 1081 2030 arbusto
1106 1976 1307 2045 regerit
1330 1977 1571 2030 convicia
1594 1977 1763 2031 durus

486 2073 551 2119 30
588 2062 944 2119 vindemiator
968 2068 1023 2115 et
1046 2061 1297 2127 invictus,
1329 2063 1419 2117 cui
1443 2081 1600 2136 saepe
1623 2064 1798 2117 viator

587 2150 858 2211 cessisset,
887 2164 1084 2217 magna
1106 2148 1437 2219 compellans
1461 2167 1592 2203 voce
1617 2149 1887 2203 cuculum.

585 2238 663 2290 At
688 2234 941 2298 Graecus,
970 2240 1256 2304 postquam
1281 2241 1362 2287 est
1387 2234 1529 2287 Italo
1554 2236 1803 2306 perfusus
1828 2243 1999 2301 aceto,

585 2320 804 2375 Persius
829 2319 1122 2372 exclamat:
1162 2337 1302 2390 „per
1325 2337 1568 2390 magnos,
1599 2322 1787 2386 Brute,
1817 2322 1946 2375 deos
1970 2328 2025 2375 te

585 2424 698 2472 ore,
733 2404 828 2476 qui
848 2422 1004 2475 reges
1030 2404 1302 2458 consueris
1326 2405 1536 2471 tollere,
1566 2423 1661 2460 cur
1685 2425 1795 2461 non
1989 2475 1997 2480 .

482 2500 546 2546 35
583 2494 727 2546 hunc
751 2492 959 2561 Regem
984 2490 1238 2561 iugulas?
1275 2508 1499 2561 operum
1523 2491 1642 2557 hoc,
1682 2493 1816 2547 mihi
1840 2493 2014 2559 crede,
2043 2502 2262 2549 tuorum
2287 2500 2446 2550 est.“

1329 2804 1529 2867 VIII.

1281 2957 1597 3010 (Pa-napus.)

578 3080 723 3133 Olim
747 3084 973 3132 truncus
999 3095 1141 3131 eram
1165 3077 1413 3143 ficulnus,
1442 3078 1635 3131 inutile
1660 3078 1891 3149 lignum,

576 3183 697 3220 cum
722 3164 888 3228 faber,
917 3163 1155 3217 incertus
1179 3180 1455 3217 scamnum
1478 3164 1746 3218 faceretne
1771 3165 2046 3236 Priapum,

579 3307 637 3351 11
677 3308 888 3354 adversis.
963 3307 1024 3352 15
1062 3315 1219 3364 vexat3
1246 3317 1404 3354 verset.
1482 3307 1541 3352 16
1579 3309 1744 3354 incidit.
1821 3308 1881 3352 17
1920 3310 2127 3355 discedet.
2214 3308 2279 3354 20
2318 3324 2445 3355 com·

435 3377 653 3435 positi—
676 3378 798 3433 Βὶῑος
827 3376 985 3436 Bytho.
1058 3373 1118 3418 21
1160 3385 1440 3424 concurrunt.
1516 3375 1580 3421 28
1617 3379 1909 3435 multumque3
1937 3387 2176 3437 mustoque.
2252 3377 2314 3423 31
2356 3393 2445 3424 cu·—

434 3445 614 3490 cullum.
687 3443 749 3489 34
776 3447 1026 3503 consuesti3
1053 3447 1362 3503 consueveris3
1388 3460 1642 3492 consueras.
1712 3446 1833 3491 vlu.
1870 3444 1900 3489 2
1938 3448 2171 3493 faceretve.
