2667 3809
377 282 483 333 246
1095 285 1509 335 Erlstromntm
1532 271 1610 337 ΙΙ,
1646 274 1692 323 1.

510 426 646 484 'cum
671 428 831 482 sociis
858 444 1100 499 operum,
1131 426 1326 497 pueris·
1341 432 1397 479 et
1420 426 1653 495 coniuge
1677 423 1802 489 fida,

520 514 793 570 Tellurem
817 530 1000 582 porco,
1029 512 1312 567 Silvanum
1336 511 1477 565 lacte
1501 510 1742 581 piabant,

521 601 746 654 floribus
772 606 827 653 et
851 598 979 652 vino
1007 597 1242 651 Genium
1263 613 1558 650 memorem
1581 595 1761 648 brevis
1785 594 1922 648 aevi.

387 694 483 739 145
522 685 863 740 Fescennina
884 700 981 753 per
1005 683 1153 735 hunc
1178 683 1403 736 inventa
1424 681 1648 734 licentia
1669 696 1874 732 morem

520 770 767 824 versibus
792 768 1014 823 alternis
1040 767 1330 838 opprobria
1353 766 1556 820 rustica
1578 764 1741 828 fudit,

520 856 850 924 libertasque
874 860 1214 907 recurrentes
1238 859 1461 923 accepta
1481 867 1579 921 per
1601 866 1775 903 annos

520 941 653 994 lusit
677 939 998 1004 amabiliter,
1029 939 1202 991 donec
1226 939 1332 992 iam
1360 953 1552 990 saevus
1576 941 1818 1004 apertam

520 1027 578 1080 in
601 1025 805 1078 rabiem
831 1025 1011 1097 coepit
1033 1025 1173 1078 verti
1202 1025 1355 1077 iocus
1381 1029 1437 1075 et
1460 1039 1563 1091 per
1578 1020 1836 1097 honestas

387 1119 484 1165 150
521 1113 601 1165 ire
625 1111 815 1167 domos
838 1112 1061 1181 impune
1084 1109 1288 1162 minax.
1327 1107 1551 1161 doluere
1575 1112 1801 1160 cruento

520 1197 684 1250 dente
708 1194 945 1249 lacessiti
958 1217 971 1259 ;
1012 1195 1121 1247 fuit
1143 1192 1364 1246 intactis
1388 1208 1606 1263 quoque
1629 1206 1761 1244 cura

521 1280 841 1335 condicione
865 1297 1027 1350 super
1051 1278 1354 1342 communi;
1396 1277 1528 1347 quin
1553 1277 1718 1330 etiam
1742 1275 1833 1330 lex

520 1383 805 1438 poenaque
827 1365 954 1429 lata,
984 1365 1126 1418 malo
1151 1378 1289 1434 quae
1313 1362 1487 1415 nollet
1510 1361 1745 1414 carmine
1769 1356 2115 1430 quemquam⁷
2190 1386 2197 1393 -

520 1451 771 1506 describi.
810 1458 1018 1503 vertere
1041 1448 1267 1502 modum
1290 1445 1581 1499 formidine
1604 1446 1766 1499 fustis

385 1546 483 1590 155
522 1538 592 1590 ad
616 1537 756 1590 bene
782 1535 1074 1590 dicendum
1100 1532 1591 1601 delectandumque
1615 1531 1841 1586 redacti.

520 1622 748 1676 Graecia
771 1628 929 1692 capta
951 1621 1127 1674 ferum
1151 1619 1413 1672 victorem
1443 1617 1588 1687 cepit
1610 1626 1666 1671 et
1689 1624 1833 1671 artes

519 1708 708 1761 intulit
731 1707 933 1776 agresti
956 1706 1134 1760 Latio.
1175 1704 1251 1757 sic
1276 1702 1529 1755 horridus
1553 1702 1645 1756 ille

520 1792 753 1845 defluxit
775 1808 1034 1843 numerus
1061 1787 1350 1843 Saturnius
1376 1795 1432 1840 et
1454 1805 1618 1857 grave
1643 1787 1791 1841 virus

516 1874 818 1929 munditiae
843 1875 1127 1943 pepulere3
1168 1873 1265 1926 sed
1289 1872 1348 1926 in
1372 1873 1608 1942 longum.
1622 1880 1805 1926 tamen
1828 1888 2021 1925 aevum

382 1965 480 2013 160
517 1965 836 2013 manserunt
858 1958 1130 2027 hodieque
1154 1965 1380 2011 manent
1403 1958 1634 2028 vestigia
1656 1958 1818 2012 ruris.

517 2061 671 2098 serus
696 2043 841 2097 enim
868 2043 1088 2097 Graecis
1112 2043 1358 2098 admovit
1379 2043 1633 2098 acumina
1657 2043 1876 2106 chartiS,

517 2135 573 2182 et
596 2134 722 2199 post
744 2128 955 2182 Punica
979 2127 1123 2182 bella
1146 2127 1366 2199 quietus
1392 2145 1648 2198 quaerere
1672 2129 1854 2199 coepit

517 2215 652 2286 quid
678 2214 975 2285 Sophocles
1000 2221 1056 2266 et
1078 2213 1306 2283 Thespis
1332 2220 1390 2266 et
1413 2213 1718 2283 Aeschylus
1743 2213 1878 2267 utile
1903 2212 2124 2266 ferrent.

514 2299 750 2354 tentavit
773 2316 992 2370 quoque
1015 2316 1130 2353 rem
1154 2300 1201 2353 si
1226 2299 1393 2369 digne
1415 2304 1626 2352 vertere
1650 2306 1851 2369 posset,

381 2389 480 2436 165
519 2390 574 2437 et
596 2382 805 2454 placuit
829 2384 935 2438 sibi
958 2391 1154 2438 natura
1177 2383 1428 2438 sublimis
1454 2391 1510 2437 et
1534 2400 1684 2448 acer3

513 2485 639 2521 nam
663 2469 831 2541 spirat
854 2470 1123 2540 tragicum
1148 2470 1281 2524 satis
1306 2476 1363 2523 et
1386 2468 1617 2523 feliciter
1641 2469 1825 2533 audet,

512 2554 610 2608 sed
632 2562 847 2626 turpem
872 2562 1033 2626 putat
1057 2555 1251 2610 inscite
1275 2555 1582 2624 metuitque
1604 2555 1845 2609 lituram.

513 2639 782 2704 Creditur,
817 2656 886 2692 ex
909 2640 1090 2693 medio
1116 2642 1246 2711 quia
1267 2658 1354 2695 res
1379 2640 1620 2704 arcessit,
1650 2639 1848 2693 habere

511 2723 726 2777 sudoris
746 2723 1051 2790 minimum,
1079 2727 1178 2779 sed
1201 2725 1368 2779 habet
1391 2724 1673 2778 comoedia
1695 2730 1849 2777 tanto

376 2812 474 2858 170
512 2807 638 2877 plus
663 2808 859 2873 oneris,
889 2815 1096 2880 quanto
1121 2811 1311 2864 veniae
1334 2811 1536 2863 minus.
1564 2808 1814 2878 adspice,
1841 2807 2072 2861 Plautus

510 2908 621 2960 quo
644 2898 804 2960 pacto
828 2902 1010 2969 partes
1034 2901 1252 2950 tutetur
1270 2896 1503 2949 amantis
1527 2893 1744 2965 ephebi,
1834 2894 1839 2899 ’

513 2982 577 3028 ut
600 2976 769 3044 patris
795 2979 1010 3045 attenti,
1040 2979 1253 3034 lenonis
1279 2989 1342 3035 ut
1365 2980 1644 3044 insidiosi3

508 3066 747 3129 quantus
771 3061 845 3115 sit
863 3063 1186 3118 Dossennus
1210 3066 1469 3120 edacibus
1492 3066 1550 3120 in
1575 3063 1844 3136 parasitis,

510 3160 672 3215 quam
697 3161 814 3198 non
833 3146 1096 3202 adstricto
1118 3158 1400 3219 percurrat
1427 3149 1639 3221 pulpita
1660 3165 1839 3202 socco.

514 3267 611 3312 142
638 3277 680 3315 et
705 3271 873 3328 pueris.
949 3269 1045 3315 143
1070 3286 1222 3330 porca.
1284 3273 1403 3327 (145
1430 3276 1638 3323 invecta.)
1695 3272 1790 3317 140
1818 3275 1929 3318 verti
1953 3274 2112 3331 coepit.
2177 3271 2273 3316 150
2299 3272 2383 3316 mi-

367 3350 457 3381 nax
481 3340 655 3396 impune
678 3338 845 3383 domos.
921 3336 1017 3381 153
1054 3348 1170 3385 nata.
1245 3340 1342 3386 163
1378 3343 1640 3401 Aeschylos.
1719 3340 1813 3395 167
1848 3343 2075 3398 inscitiam
2105 3343 2149 3386 iu
2174 3342 2380 3399 scripum

370 3405 615 3458 (inscitus).
692 3403 788 3448 172
827 3412 873 3450 et
894 3427 963 3437 —
987 3413 1048 3451 et.
1077 3450 1082 3457 ,
1124 3405 1219 3451 173
1257 3410 1530 3455 Dorsennus.
