2667 3809
380 274 485 326 258
1091 277 1509 323 nrrsromsmt
1533 264 1611 330 11,
1642 266 1693 317 2.

523 422 672 493 quod
695 421 856 491 petis,
890 420 948 474 id
973 435 1103 474 sane
1127 425 1213 474 est
1236 418 1473 475 invisum
1498 418 1825 487 acidumque
1848 415 2084 473 dnobus.

419 515 484 561 65
521 508 745 561 Praeter
768 514 964 571 cetera,
992 523 1079 560 me
1104 506 1383 563 Romaene
1407 508 1660 574 poemata
1683 520 1871 559 censes

522 592 757 647 scribere
779 608 940 662 posse
964 592 1107 647 inter
1131 596 1219 645 tot
1241 607 1398 646 curas
1422 595 1614 659 totque
1638 588 1888 643 iabores?

524 678 616 733 hic
638 693 899 749 sponsum
923 681 1099 742 vocat,
1130 675 1219 729 hic
1243 675 1494 731 auditum
1519 673 1721 744 scripta
1742 673 1949 727 relictis

523 762 778 819 omnibus
803 760 1027 825 officiis;
1068 762 1233 815 cubat
1256 761 1347 815 hic
1372 761 1430 815 in
1454 760 1596 815 colle
1618 759 1856 823 Quirini,

521 848 614 903 hic
644 853 888 900 extremo
912 845 971 898 in
994 845 1292 911 Aventino,
1321 844 1581 901 visendus
1605 851 1868 916 uterquex

426 940 488 985 70
526 931 812 986 intervalla
835 931 987 985 vides
1012 931 1249 985 humane
1274 930 1577 985 commoda.
1608 961 1671 973 -
1699 946 1888 984 verum

524 1033 694 1088 purae
719 1024 852 1070 sunt
873 1016 1104 1086 plateae,
1134 1017 1276 1071 nihil
1300 1023 1366 1070 ut
1386 1015 1780 1073 meditantibus
1804 1015 2003 1071 obstet.
2030 1046 2101 1059 --

526 1102 752 1157 festinat
774 1101 984 1156 calidus
1008 1103 1171 1156 mulis
1197 1102 1510 1172 gerulisque
1532 1102 1860 1171 redemptor,

524 1194 747 1258 torquet
770 1205 917 1243 nunc
941 1187 1197 1259 lapidem,
1225 1204 1372 1242 nunc
1397 1186 1594 1257 ingens
1616 1187 1870 1241 machina
1890 1187 2127 1257 tignum,

525 1273 706 1329 tristia
728 1272 968 1327 robustis
994 1273 1273 1329 luctantur
1294 1273 1489 1327 funera
1511 1272 1750 1342 plostris,

427 1369 489 1414 75
526 1362 627 1414 hac
644 1359 868 1414 rabiosa
889 1358 1035 1428 fugit
1058 1359 1224 1424 canis,
1254 1358 1356 1412 hac
1381 1357 1655 1415 lutulenta
1676 1358 1791 1415 ruit
1814 1376 1936 1413 susz

526 1447 547 1500 i
570 1463 718 1499 nunc
742 1452 800 1500 et
822 1462 1010 1501 versus
1033 1451 1217 1499 tecum
1240 1446 1503 1501 meditare
1530 1462 1774 1504 canoros.

526 1532 853 1602 scriptorum
878 1531 1077 1585 chorus
1102 1531 1280 1589 omnis
1303 1538 1451 1585 amat
1473 1548 1665 1587 nemus
1690 1537 1748 1584 et
1769 1528 1916 1599 fugit
1939 1527 2119 1592 urbes,

525 1618 628 1671 rite
655 1617 823 1673 cliens
849 1615 1051 1671 Bacchi
1076 1634 1268 1670 somno
1293 1616 1587 1687 gaudentis
1612 1624 1669 1671 et
1691 1618 1911 1671 umbraz

526 1712 590 1757 tu
615 1720 702 1755 me
725 1702 870 1756 inter
893 1702 1151 1774 strepitus
1176 1709 1475 1756 nocturnos
1499 1709 1664 1773 atque
1690 1702 1914 1756 diurnos

432 1795 494 1841 80
531 1788 614 1842 vis
640 1804 830 1843 canere
856 1794 912 1839 et
935 1792 1213 1843 contracta
1236 1787 1393 1858 sequi
1418 1787 1649 1858 vestigia
1672 1788 1896 1843 vatum?

526 1871 826 1942 ingenium,
857 1871 962 1924 sibi
987 1871 1137 1941 quod
1160 1888 1356 1929 vacuas
1383 1873 1685 1944 desumpsit
1706 1873 1952 1927 Athenas

529 1966 587 2012 et
610 1956 806 2010 studiis
832 1973 1003 2009 annos
1029 1961 1237 2027 septem
1262 1958 1416 2012 dedit
1439 1959 1789 2029 insenuitque

525 2041 682 2096 libris
707 2047 765 2094 et
786 2041 948 2105 curis,
979 2047 1161 2095 statua
1183 2043 1511 2097 taciturnius
1536 2044 1653 2098 exit

528 2126 851 2197 plerumque
874 2132 931 2179 et
952 2126 1069 2180 risu
1092 2128 1360 2197 populum
1385 2129 1593 2198 quatit3
1634 2129 1723 2182 hic
1749 2145 1852 2198 ego
1874 2142 2056 2181 rerum

432 2218 494 2264 85
531 2211 790 2265 fluctibus
813 2211 871 2265 in
896 2212 1091 2267 mediis
1115 2219 1173 2266 et
1195 2211 1614 2284 tempestatibus
1643 2213 1796 2268 urbis

531 2298 698 2353 verba
719 2296 870 2368 lyrae
893 2305 1109 2352 motura
1132 2316 1327 2353 sonum
1355 2308 1675 2355 connectere
1701 2299 1930 2370 digner?

528 2384 723 2439 Frater
745 2391 863 2439 erat
884 2384 1093 2439 Romae
1116 2374 1355 2439 consulti
1379 2386 1583 2449 rhetor,
1611 2392 1676 2439 ut
1698 2385 1836 2438 alter

527 2470 755 2525 alterius
778 2486 1025 2524 sermone
1049 2486 1227 2523 meros
1250 2471 1471 2525 audiret
1491 2472 1745 2536 honores,

529 2554 810 2609 Gracchus
832 2559 898 2608 ut
920 2554 1011 2608 hio
1034 2554 1135 2619 illi,
1163 2554 1308 2609 foret
1329 2556 1460 2610 huic
1484 2562 1549 2611 ut
1571 2555 1794 2610 Mucius
1818 2554 1932 2609 ine.

428 2645 493 2692 90
531 2640 628 2710 qui
649 2640 834 2694 minus
856 2646 1082 2710 argutos
1106 2646 1271 2693 vexat
1292 2641 1445 2695 furor
1466 2641 1572 2695 iste
1595 2640 1819 2711 poetas?

530 2725 772 2779 carmina
792 2742 1079 2796 compono,
1107 2724 1198 2779 hio
1221 2725 1440 2795 elegos=
1478 2726 1725 2781 mirabile
1748 2725 1872 2780 visu

528 2810 904 2881 caelatumque
928 2827 1124 2867 novem
1149 2810 1329 2865 Musis
1355 2829 1512 2881 opus.
1551 2811 1770 2882 adspice
1793 2810 2049 2881 primum,

529 2903 738 2965 quanto
762 2912 886 2948 cum
910 2896 1071 2961 fastu,
1101 2902 1307 2967 quanto
1330 2897 1614 2953 molimine
1637 2896 1864 2951 circum·

528 2986 835 3050 spectemus
858 2998 1083 3035 vacuam
1107 2981 1375 3039 Romanis
1396 2981 1614 3039 vatibus
1636 2983 1824 3037 aedem
1843 3004 1857 3048 ς

426 3069 490 3115 95
527 3080 658 3117 mox
682 3063 864 3129 etiam,
895 3065 943 3119 si
963 3066 1105 3121 forte
1128 3083 1306 3133 vacas,
1338 3085 1563 3138 sequere
1587 3075 1645 3122 et
1667 3067 1861 3139 procul
1881 3065 2031 3132 audi,

531 3202 595 3249 65
633 3207 794 3251 Romae
818 3222 957 3253 mene.
1031 3207 1095 3254 68
1132 3212 1331 3267 Quirino.
1406 3209 1470 3256 69
1508 3220 1693 3272 uterque
1716 3220 1800 3259 est.
1875 3212 1938 3257 70
1964 3225 2127 3257 rerum.
2202 3209 2261 3253 71
2301 3211 2405 3269 plu·

390 3286 465 3318 res
490 3281 594 3318 suut
623 3294 678 3304 —
707 3274 839 3319 obsit.
947 3275 1010 3319 74
1046 3277 1270 3335 plaustris.
1382 3281 1443 3325 75
1480 3280 1697 3328 lutulenta
1720 3281 1854 3337 fui-in
1892 3282 2022 3339 fugit.
2131 3279 2192 3322 77
2230 3278 2400 3324 urbe--

394 3337 458 3384 80
495 3348 725 3398 contacta,
752 3350 982 3399 contextu
1008 3344 1227 3402 cinctuta3
1255 3355 1457 3406 cantatu
1494 3363 1583 3394 nou
1608 3357 1738 3395 tacta.
1844 3349 1904 3395 81
1944 3348 2030 3394 sibi
2053 3348 2145 3407 qui.
2254 3344 2319 3391 83
2358 3354 2400 3392 et

391 3406 532 3454 Curii.
605 3406 690 3463 (87
730 3410 890 3456 Pactus
913 3413 1043 3463 erat.)
1117 3409 1180 3455 89
1219 3413 1289 3459 hic
1313 3424 1362 3460 ut
1387 3418 1557 3461 Mucius
1584 3418 1664 3461 ἰ11ἰ.
1740 3416 1825 3467 (90
1863 3417 2047 3469 versat.)
2122 3414 2186 3460 95
2218 3422 2364 3460 vtes!-
