2667 3809
333 268 432 319 186
1055 274 1469 317 ans-romanu
1493 262 1540 327 1,
1573 265 1622 314 7.

372 443 435 489 1⁵
471 442 534 489 tu
557 452 646 488 me
669 433 846 488 fecisti
871 432 1215 504 locupletem.
1269 433 1542 499 „vescere
1567 432 1794 485 sodes.“

465 522 592 575 Iam
616 519 749 574 satis
773 528 868 574 est.
924 520 1045 584 „At
1063 526 1127 572 tu
1154 525 1420 589 quantum
1444 518 1527 571 vis
1550 517 1750 571 tolle.“
1798 516 2062 588 Bessique.

470 606 639 673 „Non
665 605 841 660 invisa
862 606 1001 659 feres
1026 605 1208 675 pueris
1230 602 1558 656 munuscula
1579 603 1829 672 parvis.“

478 693 612 746 Tam
638 699 815 746 teneor
838 691 989 755 donc,
1018 709 1177 761 quam
1200 689 1253 742 si
1272 688 1519 743 dimittar
1542 696 1779 743 onustus.

470 778 592 845 „Ut
614 777 780 842 libet;
812 777 948 830 haec
971 776 1150 847 porcis
1171 775 1339 828 hodie
1364 773 1696 828 comedenda
1718 774 2011 846 relinques.
2021 780 2060 808 ‘¹‘

369 870 433 916 20
469 863 742 932 Prodigus
768 869 824 916 et
847 862 1049 915 stultus
1075 861 1244 915 donat
1267 877 1406 931 quae
1429 859 1640 930 spernit
1662 867 1719 913 et
1742 859 1891 926 odit;

469 949 601 1002 haec
626 965 782 1018 seges
805 947 1048 1018 ingratos
1073 944 1205 1000 tulit
1228 952 1284 999 et
1306 945 1447 1000 feret
1469 945 1722 999 omnibus
1746 946 1921 999 annis.

468 1034 552 1088 vir
575 1032 753 1086 bonus
778 1041 834 1086 et
856 1033 1069 1102 sapiens
1094 1031 1276 1102 dignis
1300 1032 1378 1085 ait
1402 1047 1525 1085 esse.
1541 1039 1781 1101 paratus,

469 1135 570 1173 nec
592 1125 775 1171 tamen
799 1118 1041 1188 ignorat,
1072 1117 1207 1189 quid
1231 1118 1437 1172 distent
1459 1134 1583 1171 aera
1606 1117 1829 1187 lupinis.

473 1205 701 1275 dignum
721 1203 1009 1275 praestabo
1033 1220 1121 1256 me
1146 1203 1309 1257 etiam
1333 1219 1433 1273 pro
1456 1202 1620 1256 laude
1643 1204 1918 1257 merentis.

368 1296 432 1343 25
453 1289 683 1350 ⁴Quodsi
707 1305 793 1342 me
818 1288 971 1341 noles
994 1305 1225 1359 usquam
1250 1288 1544 1352 discedere,
1572 1288 1767 1342 reddes

466 1376 608 1429 forte
631 1374 794 1438 latus,
822 1373 1009 1442 nigros
1034 1379 1267 1443 angusta
1289 1374 1470 1427 fronte
1494 1373 1735 1444 capillos,

471 1461 664 1514 reddes
691 1459 848 1512 dulce
873 1459 1053 1529 loqui,
1081 1457 1276 1512 reddes
1300 1458 1477 1512 ridere
1503 1459 1761 1512 decorum
1785 1465 1841 1512 et

471 1547 615 1600 inter
637 1545 766 1599 vina
788 1544 975 1614 fugam
1001 1543 1227 1598 Cinarae
1250 1560 1488 1596 maerere
1512 1552 1816 1614 protervae.

469 1631 635 1685 Forte
659 1647 756 1701 per
779 1636 1068 1700 angustam
1091 1627 1275 1681 tenuis
1297 1627 1591 1698 vulpecula
1614 1630 1805 1683 rimam

370 1722 433 1768 30
469 1722 712 1788 repserat
734 1716 793 1769 in
817 1729 1088 1767 cumeram
1112 1713 1376 1769 frumenti
1388 1752 1404 1778 ,
1433 1723 1696 1785 pastaque
1718 1731 1905 1769 rursus

471 1802 551 1857 ire
576 1801 719 1854 foras
743 1800 906 1870 pleno
930 1798 1192 1855 tendebat
1216 1815 1439 1870 corpore
1463 1799 1695 1864 frustra3

475 1886 564 1939 cui
588 1883 822 1939 mustela
841 1883 1065 1954 procul:
1104 1885 1197 1948 „si
1219 1883 1347 1938 vis“
1376 1884 1455 1939 ait
1479 1883 1760 1956 „effugere
1783 1884 1961 1950 istius,

473 1986 654 2025 macra
677 1985 868 2022 cavum
890 1975 1103 2039 repetes
1126 1975 1322 2032 artum,
1359 1986 1518 2040 quem
1544 1986 1724 2024 macra
1746 1969 2007 2025 subisti.“

473 2057 596 2110 Hac
620 2071 723 2125 ego
748 2053 796 2106 si
821 2053 1114 2125 compellor
1138 2054 1395 2125 imagine,
1424 2062 1622 2109 cuncta
1644 2055 1894 2124 resign03

372 2148 434 2193 35
471 2157 571 2194 nec
596 2156 846 2195 somnum
870 2140 1045 2211 plebis
1068 2139 1234 2194 laudo
1258 2148 1411 2194 satur
1434 2139 1685 2205 altilium,
1720 2157 1822 2195 nec

473 2225 586 2279 otia
609 2224 815 2279 divitiis
838 2225 1082 2279 Arabum
1107 2225 1382 2279 liberrima
1404 2232 1578 2279 muto·

471 2326 632 2380 saepe
656 2310 1022 2365 verecundum
1046 2310 1312 2374 laudasti;
1353 2326 1557 2381 rexque
1582 2316 1842 2382 paterque

470 2395 673 2449 audisti
699 2412 895 2461 coram,
924 2412 1024 2451 nec
1049 2396 1213 2450 verbo
1238 2395 1454 2466 parcius
1480 2394 1708 2450 absens:

470 2480 695 2556 inspice,
724 2481 773 2536 si
795 2498 1018 2552 possum
1042 2481 1245 2535 donata
1267 2498 1529 2551 reponere
1552 2480 1748 2537 laetus.

367 2572 433 2619 40
470 2566 642 2622 Haud
664 2566 803 2621 male
827 2565 1198 2630 Telemachus,
1232 2566 1411 2638 proles
1436 2566 1693 2636 patientis
1720 2565 1934 2623 Ulixeiz

469 2668 627 2715 „non
651 2658 736 2706 est
759 2658 919 2722 aptus
943 2651 1096 2721 equis
1121 2651 1310 2705 Ithace
1333 2651 1506 2717 locus,
1544 2660 1608 2706 ut
1630 2668 1809 2723 neque
1832 2650 2010 2722 planis

468 2742 751 2805 porrectus
776 2735 965 2805 spatiis
989 2752 1090 2790 nec
1109 2735 1315 2791 multae
1339 2737 1604 2809 prodigus
1628 2736 1860 2802 herbae3

469 2819 681 2883 Atride,
710 2821 884 2891 magis
909 2828 1037 2892 apta
1059 2820 1161 2874 tibi
1186 2829 1284 2875 tua
1308 2823 1453 2876 dona
1482 2822 1852 2893 relinquam.“

470 2995 507 3039 1.
548 2994 610 3040 16
647 2999 937 3056 quantumvis.
1029 2995 1091 3042 19
1129 2999 1371 3057 relinquis3
1397 2999 1641 3059 relinquas.
1733 2997 1794 3043 21
1835 3001 2027 3057 ingrato.
2114 2994 2176 3041 22
2214 3010 2353 3056 para—

334 3071 439 3109 tum.
513 3060 577 3107 23
616 3066 691 3123 qui
714 3086 783 3096 -
808 3064 986 3110 distant.
1059 3063 1124 3109 25
1162 3067 1334 3124 uollcs3
1363 3068 1494 3114 nolis.
1571 3066 1655 3119 (29
1693 3067 1927 3120 nitedula.)
2013 3063 2077 3111 30
2114 3079 2348 3112 canoram.

334 3128 398 3174 33
436 3139 640 3190 repetam
667 3132 871 3190 repedas.
947 3129 1010 3176 34
1049 3135 1311 3193 conpellar,
1332 3136 1585 3195 conpeller.
1658 3133 1721 3179 39
1760 3137 1941 3195 possin.
2014 3133 2081 3179 40
2118 3135 2349 3194 sapientis.

333 3197 396 3242 41
438 3198 630 3244 Ithacae.
701 3196 767 3243 43
805 3200 1027 3260 relinquo.

452 3266 508 3312 11.
550 3264 613 3311 18
650 3266 884 3313 honustus.
959 3265 1022 3311 22
1059 3277 1272 3327 paratum.
1348 3269 1411 3315 33
1449 3279 1639 3331 repetas.
1714 3269 1779 3317 36
1804 3273 1902 3317 ocis
1925 3271 2113 3317 diviciis.
2188 3267 2251 3315 39
2278 3270 2355 3315 in—

333 3335 445 3393 cipe.
518 3333 584 3379 40
622 3337 837 3395 pacientis
862 3336 1041 3381 Ulissei.
1116 3335 1179 3380 42
1217 3341 1394 3397 spaciis.

426 3402 506 3449 111.
549 3400 609 3448 19
646 3403 918 3462 relinquens.
991 3400 1056 3447 25
1095 3418 1311 3464 umquam.
1385 3404 1449 3451 29
1487 3413 1736 3466 angustum.
1807 3406 1871 3451 41
1912 3407 2106 3454 hitbacc.
