2667 3809
342 264 442 314 282
1064 267 1482 312 musromlum
1506 258 1616 310 111.

481 410 755 476 defendat,
783 429 892 465 neu
917 412 1039 482 quis
1062 410 1273 465 medios
1296 409 1589 463 intercinat
1612 416 1786 472 actua,
1831 475 1836 479 .

348 506 443 553 195
484 499 631 570 quod
656 514 766 550 non
792 496 1072 567 proposito
1099 495 1370 550 conducat
1393 501 1451 548 et
1472 495 1694 548 haereat
1715 501 1860 565 apte.

483 584 575 638 ille
598 583 759 636 bonis
783 583 1067 653 faveatque
1093 588 1150 635 et
1171 580 1495 636 concilietur
1517 579 1705 645 amice,

481 678 538 724 et
558 676 716 739 regat
738 669 905 722 iratos
931 674 987 721 et
1010 674 1155 721 amet
1175 683 1368 737 pacare
1394 671 1695 729 tumentes;

484 754 577 808 ille
603 754 768 824 dapes
791 753 982 807 laudet
1003 769 1220 806 mensae
1244 751 1443 814 brevis,
1479 749 1573 803 ille
1597 749 1867 803 salubrem

485 839 750 893 iustitiam
774 838 1032 909 legesque
1056 845 1113 892 et
1136 837 1337 907 apertis
1362 836 1475 889 otia
1497 834 1701 905 portis;

312 954 317 961 ·
349 931 448 977 200
486 924 577 978 ille
602 930 752 993 tegat
777 923 1063 976 commissa
1085 922 1325 992 deosque
1349 908 1680 992 preceturet
1703 926 1839 983 oret,

485 1016 550 1063 ut
571 1007 759 1062 redeat
780 1007 1009 1072 miseris,
1040 1007 1200 1060 abeat
1222 1006 1443 1059 fortuna
1468 1004 1735 1075 superbis.

400 1101 405 1108 '
483 1095 640 1148 Tibia
662 1110 793 1156 non,
822 1099 886 1145 ut
909 1108 1074 1154 nunc,
1104 1090 1376 1144 orichalco
1399 1090 1586 1143 vincta
1606 1090 1880 1160 tubaeque

485 1180 713 1243 aemula,
745 1178 840 1230 sed
864 1176 1047 1230 tenuis
1071 1176 1410 1245 simfflexque
1433 1175 1698 1240 foramine
1721 1192 1895 1245 pauco

486 1265 760 1335 adspirare
784 1268 841 1315 et
863 1262 1052 1315 adesse
1076 1261 1256 1314 choris
1281 1266 1399 1314 erat
1422 1260 1574 1313 utilis
1598 1266 1763 1330 atque

349 1357 447 1405 205
484 1350 729 1404 nondum
754 1347 928 1418 spissa
950 1347 1112 1400 nimis
1136 1346 1406 1416 complere
1429 1345 1623 1398 sedilia
1642 1345 1812 1410 fiatu3

485 1453 593 1506 quo
619 1449 748 1488 sane
772 1431 1009 1502 populus
1033 1430 1385 1485 numerabilis
1410 1438 1603 1500 utpote
1625 1448 1825 1500 parvus

490 1526 547 1573 et
568 1518 717 1588 frugi
740 1524 1030 1587 castusque
1053 1516 1501 1585 verecundusque
1527 1515 1726 1570 coibat.

484 1612 771 1674 postquam
797 1602 979 1672 coepit
1000 1619 1160 1672 agros
1183 1602 1475 1655 extendere
1500 1601 1674 1655 victor
1698 1607 1754 1654 et
1776 1601 1937 1655 urbes

485 1689 647 1742 latior
670 1688 924 1758 amplecti
946 1704 1134 1740 murus
1158 1687 1397 1757 vinoque
1426 1686 1625 1740 diurno

351 1782 450 1827 210
487 1774 689 1844 placari
715 1773 921 1826 Genius
946 1772 1100 1825 festis
1123 1772 1347 1841 impune
1372 1771 1610 1835 diebus,=

487 1857 714 1912 accessit
736 1857 1084 1927 numerisque
1108 1857 1394 1927 modisque
1417 1856 1639 1910 licentia
1661 1855 1851 1908 maior.

487 1944 742 1998 indoctus
767 1941 902 2012 quid
926 1941 1070 1994 enim
1094 1949 1306 2012 saperet
1328 1941 1577 2012 liberque
1601 1941 1847 1994 laborum

485 2026 723 2082 rusticus
748 2026 957 2080 urbano
983 2026 1259 2091 confusus,
1284 2026 1462 2097 turpis
1486 2027 1755 2080 honesto?

488 2113 564 2166 sic
589 2111 797 2182 priscae
820 2116 1137 2181 motumque
1163 2118 1218 2165 et
1239 2111 1514 2165 luxuriem
1538 2111 1752 2165 addidit
1773 2110 1879 2164 arti

352 2203 450 2249 215
488 2197 693 2250 tibicen
719 2195 995 2266 traxitque
1017 2213 1188 2266 vagus
1211 2213 1309 2266 per
1331 2196 1549 2266 pulpita
1570 2202 1775 2250 vestem
1794 2218 1809 2259 ς

491 2281 569 2336 sic
594 2281 757 2336 etiam
783 2281 982 2335 fidibus
1005 2298 1164 2335 voces
1190 2298 1404 2335 crevere
1428 2281 1648 2346 severis,

487 2373 545 2420 et
566 2366 698 2420 tulit
721 2367 999 2438 eloquium
1021 2366 1305 2421 insolitum
1328 2366 1585 2420 facundia
1606 2381 1879 2437 praeceps,

486 2451 814 2523 utiliumque
837 2470 1005 2523 sagax
1027 2470 1209 2506 rerum
1234 2459 1291 2506 et
1313 2452 1502 2505 divina
1522 2450 1698 2505 futuri

487 2537 762 2608 sortilegis
785 2556 896 2593 non
921 2538 1219 2609 discrepuit
1242 2536 1516 2592 sententia
1536 2535 1788 2605 Delphis.

353 2627 452 2675 220
491 2622 740 2677 Carmine
766 2624 861 2695 qui
885 2624 1096 2694 tragico
1120 2623 1282 2677 vilem
1307 2622 1536 2675 certavit
1559 2622 1631 2675 ob
1656 2621 1885 2684 hircum,

487 2724 616 2760 mox
640 2707 803 2762 etiam
829 2715 1071 2779 agrestes
1097 2708 1318 2778 Satyros
1343 2705 1575 2759 nudavit
1598 2711 1654 2759 et
1677 2723 1832 2776 asper

488 2785 750 2846 incolumi
774 2793 1041 2863 gravitate
1065 2793 1246 2847 iocum
1268 2790 1505 2845 tentavit
1528 2807 1595 2845 eo
1619 2790 1768 2861 quod

484 2987 539 3031 Α.
582 2984 676 3030 194
716 2987 960 3033 intercidat.
1038 2984 1132 3031 196
1171 2987 1341 3032 amicis.
1418 2983 1514 3029 197
1551 2997 1736 3044 peccare
1762 2984 1977 3029 timentes.
2050 2978 2149 3027 202
2195 2982 2363 3027 iuncta.

348 3050 447 3097 203
485 3067 635 3114 parvo.
707 3052 806 3100 206
841 3062 995 3113 utpute
1017 3068 1194 3113 parcus.
1267 3051 1366 3098 208
1392 3053 1559 3099 urben.
1635 3049 1753 3105 (209
1778 3053 1963 3105 laxior.)
2033 3047 2133 3095 212
2160 3049 2368 3109 liberque

349 3122 574 3168 malorum.
648 3119 746 3166 215
783 3130 945 3167 vestes.
1713 3149 1720 3158 f

483 3190 537 3236 B.
579 3187 672 3233 197
701 3202 886 3249 peccare
911 3193 1126 3234 timentes.
1204 3187 1299 3233 198
1324 3189 1488 3233 laudat.
1563 3185 1661 3232 202
1688 3188 1829 3248 Tybia
1852 3208 1922 3219 —
1947 3184 2168 3232 oricalcho
2193 3186 2363 3236 iuncta.

347 3252 448 3298 204
484 3257 711 3315 Aspirare.
819 3254 917 3300 206
956 3265 1107 3314 utpute
1132 3270 1309 3315 pravus.
1419 3255 1516 3300 210
1554 3258 1697 3302 ionius
1721 3258 1874 3302 vestis.
1985 3252 2083 3298 214
2122 3254 2364 3299 luxuriam.

348 3320 446 3366 215
485 3323 676 3380 tybicen.
774 3320 871 3366 217
909 3325 1137 3369 vocandis.
1194 3322 1330 3376 ⁴220
1367 3325 1582 3383 vilemque
1605 3347 1675 3357 —
1697 3325 1899 3384 hyl-cum.
1996 3319 2090 3366 221
2132 3322 2364 3380 :athys-os.

350 3387 449 3432 222
487 3392 725 3450 temptavit.
