2667 3809
375 251 473 302 104
1109 253 1445 299 sumnum
1470 242 1548 307 ΙΙ,
1580 244 1629 294 3.

507 402 657 455 iratis
681 409 842 457 natus
866 400 1040 472 paries
1066 399 1150 453 dis
1173 405 1338 470 atque
1361 399 1571 470 poetis.»

506 487 679 558 Atqui
703 487 885 541 vultus
909 492 1025 539 erat
1046 483 1220 538 multa
1242 491 1300 538 et
1321 484 1592 554 praeclara
1614 483 1889 550 minantis,

411 581 470 626 10
507 574 554 627 si
576 590 807 626 vacuum
831 572 1016 643 tepido
1042 572 1272 642 cepisset
1294 569 1485 625 villula
1509 577 1672 625 tecto·

508 676 765 730 quorsum
788 658 1050 729 pertinuit
1074 657 1273 727 stipare
1297 657 1529 710 Platona
1550 656 1873 722 Menandre,

504 744 763 815 Eupolin,
792 744 1198 806 Archilochum,
1229 743 1452 796 comites
1475 742 1705 796 educere
1728 742 1949 796 tantos?

505 831 765 887 invidiam
787 830 998 901 placare
1021 847 1177 899 paras
1201 829 1402 883 virtute
1426 828 1652 882 relicta}>

508 923 850 971 contemnere
873 917 1053 971 miser.
1092 915 1314 968 vitanda
1334 920 1420 967 est
1440 913 1686 984 improba
1709 913 1864 968 Siren

412 1010 470 1053 15
510 1002 733 1067 desidia,
763 1012 858 1056 aut
881 1002 1149 1073 quidquid
1172 1000 1283 1053 vita
1302 1000 1526 1053 meliore
1551 1000 1768 1069 parasti,

506 1087 818 1158 ponendum
843 1106 1015 1159 aequo
1040 1088 1239 1141 animo.
1292 1087 1412 1151 „Di
1443 1094 1514 1151 te,
1543 1087 1890 1157 Damasippe,
1919 1089 2156 1158 deaeque

456 1202 461 1207 ·
505 1191 693 1229 verum
717 1173 788 1227 ob
814 1173 1097 1227 consilium
1122 1173 1327 1226 donent
1352 1174 1603 1226 tonsore!
1645 1173 1742 1227 sed
1764 1174 1912 1228 unde

503 1266 615 1312 tam
637 1258 777 1313 bene
800 1276 886 1313 me
910 1260 1092 1314 nosti?
1109 1265 1145 1291 ‘⁴
1186 1259 1483 1328 Postquam
1509 1258 1682 1312 omnis
1707 1277 1792 1313 res
1816 1277 1937 1312 mea
1958 1259 2154 1313 Ianum

506 1345 574 1398 ad
597 1346 836 1399 medium
859 1346 1029 1400 fracta
1052 1351 1135 1399 est
1149 1384 1162 1409 ‚
1191 1344 1368 1397 aliena
1392 1344 1612 1414 negotia
1637 1362 1764 1398 curo

407 1436 469 1481 20
506 1448 764 1485 excussus
788 1431 1037 1502 propriis.
1078 1430 1208 1484 olim
1232 1449 1358 1484 nam
1383 1448 1636 1502 quaerere
1661 1430 1923 1497 amabam,

505 1534 613 1587 quo
635 1518 784 1572 vafer
806 1518 899 1571 ille
922 1518 1086 1588 pedes
1109 1518 1331 1573 lavisset
1356 1517 1620 1588 Sisyphus
1643 1534 1782 1581 aere,

504 1602 637 1672 quid
660 1596 934 1674 sculptum
959 1603 1182 1668 infabre,
1212 1603 1347 1674 quid
1369 1604 1550 1656 fusum
1576 1602 1765 1657 durius
1789 1611 1949 1658 esset.

502 1688 730 1745 callidus
754 1689 880 1745 huic
902 1690 1061 1760 signo
1085 1689 1351 1761 ponebam
1373 1688 1523 1742 milia
1547 1696 1795 1754 centum;

503 1774 690 1829 hortos
716 1776 1069 1846 egregiasque
1093 1775 1281 1829 domos
1305 1775 1588 1829 mercarier
1613 1793 1755 1829 unus

406 1864 466 1910 25
506 1877 628 1913 cum
652 1859 803 1915 lucro
829 1879 1046 1926 noram3
1087 1861 1232 1916 unde
1256 1861 1561 1932 frequentia
1585 1861 1909 1916 Mercuriale

504 1946 804 2016 imposuere
827 1948 962 2002 mihi
988 1965 1287 2018 cognomen
1313 1948 1565 2017 compita.
1619 1946 1808 2012 „Novi

506 2041 561 2087 et
585 2032 748 2087 miror
771 2033 946 2087 morbi
966 2040 1259 2104 purgatum
1282 2040 1338 2086 te
1363 2032 1576 2086 illius.“
1625 2033 1797 2105 Atqui

504 2119 704 2173 emovit
728 2126 961 2173 veterem
985 2120 1117 2173 mire
1143 2136 1333 2183 novus,
1363 2118 1617 2184 utesolet,
1646 2121 1704 2174 in
1730 2141 1822 2176 cor

503 2205 726 2259 traiecto
748 2206 930 2259 lateris
954 2205 1137 2259 miseri
1163 2204 1421 2275 capitisve
1448 2204 1649 2270 dolore,
1735 2237 1742 2242 ·

405 2296 467 2342 30
504 2297 568 2343 ut
590 2290 918 2362 lethargicus
942 2291 1031 2371 hic
1056 2309 1178 2344 cum
1202 2290 1264 2344 fit
1287 2289 1443 2361 pugil
1465 2298 1521 2344 et
1544 2293 1812 2347 medicum
1837 2303 2016 2367 urget.

507 2378 696 2442 „Dum
721 2395 788 2431 ne
813 2378 944 2448 quid
969 2376 1143 2431 simile
1166 2376 1312 2440 huic,
1344 2382 1459 2429 esto
1485 2383 1549 2429 ut
1570 2377 1770 2433 libet.“
1814 2382 1862 2436 Ο
1889 2384 2048 2448 bone,
2077 2400 2145 2435 ne
2168 2388 2225 2435 te

503 2463 789 2529 frustrere;
829 2464 1032 2518 insanis
1058 2470 1113 2517 et
1137 2468 1197 2515 tu
1222 2461 1486 2532 stultique
1509 2479 1676 2534 prope
1701 2482 1904 2533 omnes,

503 2549 550 2602 si
574 2550 707 2620 quid
731 2549 1023 2605 Stertinius
1045 2549 1159 2604 veri
1184 2555 1393 2618 crepat,
1422 2548 1568 2601 unde
1593 2567 1695 2620 ego
1718 2552 1855 2606 mira

503 2635 759 2708 descripsi
784 2635 973 2689 docilis
997 2641 1282 2705 praecepta
1303 2634 1455 2699 haec,
1486 2642 1726 2706 tempore
1752 2656 1859 2709 quo
1884 2658 1973 2694 me

403 2725 465 2772 35
503 2720 707 2774 solatus
732 2720 891 2775 iussit
914 2720 1212 2790 sapientem
1235 2737 1453 2790 pascere
1478 2721 1715 2788 barbam,

502 2813 664 2875 atque
689 2823 721 2858 a
743 2806 991 2860 Fabricio
1016 2823 1127 2861 non
1152 2805 1362 2859 tristem
1387 2815 1551 2876 ponte
1575 2810 1790 2868 reverti.

503 2908 627 2944 nam
651 2891 789 2947 male
811 2909 869 2944 re
899 2898 1053 2962 gesta
1079 2909 1198 2944 cum
1224 2892 1418 2946 vellem
1442 2894 1656 2949 mittere
1680 2904 1869 2967 operto

504 2993 590 3030 me
614 2977 786 3047 capite
810 2977 868 3030 in
891 2976 1109 3041 flumen,
1140 2977 1330 3033 dexter
1354 2976 1507 3034 stetit
1530 2987 1614 3035 etz
1655 2981 1797 3053 Cave
1820 2981 1959 3038 faxis

502 3070 558 3116 te
583 3062 875 3133 quidquam
899 3062 1215 3141 indignum;
1252 3067 1447 3135 pudor,
1476 3066 1674 3147 inquit,
1699 3056 1753 3122 te
1776 3069 1950 3124 malus
1973 3067 2146 3139 angit,

403 3157 467 3201 40
505 3148 721 3202 insanos
747 3148 841 3219 qui
865 3148 1006 3202 inter
1029 3165 1242 3203 vereare
1267 3151 1488 3205 insanus
1518 3148 1723 3207 haberi.

507 3276 592 3331 (10
631 3278 780 3329 lecto.)
889 3273 949 3319 12
985 3276 1252 3324 Archilocho
1274 3302 1345 3310 —-
1367 3280 1614 3337 adducet-03
1656 3289 1698 3325 et
1736 3257 1924 3327 ducere..
2040 3278 2104 3325 20
2142 3282 2360 3326 excussis.

370 3344 428 3388 21
460 3360 546 3405 quo
572 3347 710 3391 faber.
784 3343 845 3388 22
873 3345 1101 3403 scalptum.
1176 3345 1237 3389 27
1264 3348 1401 3393 morbi
1426 3350 1575 3394 miror.
1637 3346 1701 3393 28
1727 3352 1910 3409 evomit3
1937 3351 2136 3396 evomuit.
2194 3347 2258 3397 29
2285 3363 2361 3394 ca-

370 3416 572 3475 pitisque.
647 3413 708 3459 39
746 3416 884 3460 malus
908 3423 1052 3472 urget.
