2667 3809
323 270 425 321 208
1031 279 1440 321 musromrm
1465 266 1512 332 1,
1548 269 1629 318 15.

1245 505 1401 566 XV.

946 675 1055 727 (Aa
1083 675 1442 718 Numenium
1469 673 1714 726 Vol-m.)

461 815 617 874 Quae
642 814 715 867 sit
737 814 913 866 hiems
937 813 1141 877 Veliae,
1171 813 1322 883 quod
1347 812 1574 877 caelum,
1605 811 1757 877 Vala,
1788 811 2016 877 Salerni,

461 917 693 970 quorum
717 899 1000 951 hominum
1024 899 1177 969 regio
1202 905 1259 952 et
1284 897 1460 971 qualis
1485 897 1590 961 via,
1619 925 1690 936 —-
1713 913 1839 948 nam
1863 896 1999 951 mihi
2021 896 2186 951 Baias

458 985 623 1038 Musa
646 1000 1007 1053 supervacuas
1031 983 1326 1047 Antonine,
1358 989 1413 1035 et
1437 989 1619 1035 tamen
1643 981 1754 1035 illis

457 1088 543 1122 me
569 1070 700 1123 facit
723 1068 978 1133 invisum,
1008 1068 1191 1138 gelida
1215 1087 1340 1122 cum
1363 1069 1584 1138 perluor
1611 1067 1758 1120 unda

388 1159 417 1206 5
456 1172 552 1224 per
576 1154 816 1207 medium
841 1153 1033 1223 friguS.
1074 1172 1203 1207 sane
1226 1162 1465 1207 murteta
1487 1151 1726 1222 relinqui

458 1239 711 1310 dictaque
737 1247 1035 1293 cessantem
1061 1240 1242 1293 nervis
1267 1239 1469 1292 elidere
1494 1238 1746 1292 morbum

457 1324 665 1378 sulfura
691 1325 964 1378 contemni
987 1325 1139 1379 vicus
1164 1325 1352 1395 gemit,
1382 1324 1602 1378 invidus
1627 1324 1821 1393 aegris,

457 1411 552 1480 qui
578 1418 743 1482 caput
766 1420 821 1465 et
845 1411 1181 1464 stomachum
1206 1428 1513 1480 supponere
1538 1409 1783 1463 fontibus
1807 1409 2027 1463 audent

457 1495 695 1550 Clusinis
722 1496 1031 1566 Gabiosque
1057 1504 1253 1566 petunt
1277 1503 1333 1548 et
1358 1495 1557 1564 frigida
1578 1511 1725 1548 rura.

357 1589 416 1633 10
454 1583 750 1636 mutandus
774 1582 927 1635 locus
953 1589 1036 1634 est
1061 1590 1116 1634 et
1141 1581 1450 1635 deversoria
1473 1587 1606 1633 nota

451 1667 911 1739 praeteragendus
936 1684 1128 1736 equus.
1170 1683 1323 1736 „quo
1349 1665 1567 1719 tendis?
1604 1683 1714 1718 non
1740 1664 1877 1717 mihi
1902 1664 2100 1718 Cumas

452 1761 536 1806 est
557 1753 663 1805 iter
687 1760 784 1805 aut
807 1752 1035 1815 Baias,“
1066 1751 1222 1805 laeva
1244 1752 1617 1805 stomachosus
1645 1749 1856 1803 habena

453 1837 596 1890 dicet
620 1854 784 1907 eques
806 1859 819 1900 ;
861 1836 958 1888 sed
982 1837 1111 1907 equi
1134 1837 1345 1891 frenato
1372 1843 1456 1889 est
1480 1835 1623 1889 auris
1649 1835 1704 1888 in
1732 1853 1843 1888 ore.
1875 1865 1932 1874 —

450 1922 622 1975 maior
646 1928 828 1975 utrum
855 1920 1119 1991 populum
1144 1921 1405 1975 frumenti
1431 1921 1587 1991 copia
1610 1927 1812 1990 pascat,

351 2013 411 2057 15
451 2006 778 2059 collectosne
802 2005 996 2059 bibant
1018 2006 1219 2060 imbres
1243 2000 1509 2077 puteosne
1533 2023 1797 2077 perennes

449 2091 593 2162 iugis
619 2108 818 2162 aquae3
854 2122 919 2131 -—
946 2110 1072 2145 nam
1096 2092 1225 2146 vina
1248 2092 1387 2145 nihil
1410 2109 1591 2144 moror
1615 2090 1764 2143 illius
1790 2107 1935 2145 orae.

447 2195 572 2231 rure
598 2194 717 2230 meo
742 2194 963 2246 possum
989 2177 1205 2248 quidvis
1231 2178 1466 2248 perferre
1490 2176 1741 2246 patique;

447 2262 517 2314 ad
540 2279 686 2315 mare
713 2278 835 2316 cum
861 2261 1004 2326 veni,
1034 2280 1359 2332 generosum
1385 2269 1441 2315 et
1463 2261 1585 2316 lene
1610 2264 1846 2333 requiro,

449 2347 599 2418 quod
625 2365 780 2401 curas
805 2348 1009 2418 abigat,
1041 2348 1188 2418 quod
1213 2365 1336 2400 cum
1360 2364 1457 2417 spe
1483 2347 1652 2402 divite
1676 2355 1862 2400 manet

343 2438 407 2484 20
446 2434 505 2486 in
528 2450 693 2487 venas
718 2433 1067 2503 animumque
1092 2450 1292 2498 meum,
1327 2433 1478 2503 quod
1500 2432 1665 2487 verba
1686 2433 1976 2498 ministret,

445 2519 594 2588 quod
617 2536 703 2571 me
727 2520 980 2572 Lucanae
1004 2517 1257 2573 iuvenem
1282 2518 1625 2581 commendet
1647 2518 1868 2570 amicae.
1899 2548 1962 2559 —

443 2610 648 2657 tractus
674 2612 797 2658 uter
821 2604 1005 2674 plures
1029 2604 1264 2673 lepores,
1289 2610 1411 2659 uter
1437 2603 1633 2657 educet
1656 2620 1833 2673 apros,

441 2696 566 2742 utra
589 2690 762 2759 magis
787 2690 962 2760 pisces
988 2698 1044 2743 et
1068 2689 1290 2744 echinos
1314 2705 1552 2760 aequora
1576 2688 1772 2752 celent,

440 2772 661 2843 pinguis
686 2783 749 2828 ut
773 2775 900 2828 inde
925 2775 1147 2829 domum
1170 2776 1378 2846 possim
1402 2774 1731 2843 Phaeaxque
1755 2774 1970 2838 reverti,

340 2860 403 2907 25
443 2858 678 2911 scribere
704 2866 758 2911 te
783 2861 961 2925 nobiS,
991 2860 1095 2914 tibi
1118 2878 1219 2915 nos
1244 2860 1525 2914 accredere
1550 2875 1648 2929 par
1672 2863 1774 2910 est.

442 3002 476 3045 1.
515 2998 545 3044 4
584 3002 711 3057 ‹lum3
740 3004 855 3062 quod
879 3004 1097 3063 pervehet·
1119 3005 1250 3050 unda.
1359 3003 1387 3047 5
1425 3010 1611 3062 myrteta
1634 3024 1702 3034 —
1726 3002 1902 3061 reliqui.
2013 3001 2039 3044 7
2077 3002 2310 3060 sulphura.

302 3067 331 3112 9
374 3069 594 3115 Clusinos.
673 3069 733 3114 10
770 3072 1025 3118 diversoria.
1101 3071 1166 3116 12
1201 3072 1513 3118 stomachatus.
1591 3069 1651 3115 13
1693 3071 1771 3116 sed
1796 3072 1938 3129 equis.
2037 3069 2098 3113 15
2135 3078 2320 3128 puteos-

300 3152 403 3196 que.
482 3136 546 3181 16
581 3139 727 3185 dulcis
752 3153 903 3199 aquae.
980 3140 1039 3185 17
1079 3141 1264 3200 quodvis
1287 3163 1357 3174 —
1380 3142 1583 3189 sufferre.
1660 3138 1722 3184 18
1758 3142 1905 3185 venio.
1995 3136 2056 3185 21
2097 3153 2319 3185 conmen-

299 3206 388 3250 dat.
464 3203 526 3248 25
564 3208 790 3253 accedere.

417 3273 472 3318 ΙΙ.
510 3274 588 3318 Ad
627 3276 850 3320 Vallum
887 3278 1057 3333 epist.
1092 3275 1172 3320 15.
1197 3299 1264 3310 —
1306 3275 1329 3318 1
1370 3275 1516 3320 Valla.
1591 3273 1619 3319 3
1656 3274 1920 3320 Anthonius.
1995 3273 2026 3318 4
2065 3290 2131 3320 me
2156 3288 2317 3332 super-

299 3343 580 3387 vacinvisum.
665 3343 693 3388 5
731 3351 932 3402 myrteta.
1021 3341 1082 3387 10
1119 3344 1378 3389 diversoria.
1471 3342 1530 3385 11
1571 3351 1749 3401 praeter
1772 3344 1970 3400 agendus
1998 3365 2060 3376 —
2088 3344 2190 3388 mihi
2215 3346 2316 3387 cin·

300 3421 396 3454 nos.
473 3409 533 3453 15
572 3411 781 3456 collectos
804 3425 861 3454 ne
887 3433 951 3443 —
976 3418 1206 3467 puteosve.
1280 3410 1344 3456 18
1378 3413 1522 3457 venio.
1596 3408 1662 3454 22
1699 3410 1861 3468 pluris.
1933 3408 1998 3454 25
2037 3425 2088 3455 ac
2112 3412 2312 3456 credere.
