2667 3809
378 259 445 310 28
1132 270 1470 314 sumansu
1494 258 1541 324 I,
1575 261 1623 312 1.

517 416 614 464 aut
637 410 775 464 alius
800 428 954 463 casus
977 410 1119 464 lecto
1143 417 1199 465 te
1223 412 1398 466 affixit
1411 452 1424 477 ,
1453 412 1620 466 habes
1646 413 1740 484 qui

519 496 782 561 assideat,
811 496 1054 550 fomenta
1074 503 1256 568 paret,
1284 497 1553 552 medicum
1576 504 1761 569 roget,
1791 506 1854 551 ut
1877 506 1931 551 te

521 582 747 635 suscitet
769 599 831 636 ac
854 582 996 636 natis
1018 582 1212 636 reddat
1235 573 1478 654 carisque
1502 584 1839 655 propinquis.

521 669 648 723 Non
673 686 813 722 uxor
835 667 1043 722 salvum
1070 675 1122 723 te
1146 669 1293 734 vult,
1321 687 1434 722 non
1456 670 1629 735 filius3
1669 655 1855 723 omnes

418 763 480 808 85
518 755 683 809 vicini
706 754 966 819 oderunt,
995 753 1140 818 noti,
1167 756 1322 825 pueri
1346 762 1509 826 atque
1534 756 1764 825 puellae.

516 840 744 905 miraris,
775 857 896 893 cum
921 847 984 893 tu
1007 849 1232 912 argento
1257 848 1382 911 post
1406 841 1587 894 omnia
1609 860 1796 913 ponas,

521 927 568 981 si
590 944 749 980 nemo
773 932 1012 997 praestet
1034 944 1193 997 quem
1218 944 1329 980 non
1353 928 1605 984 merearis
1629 930 1902 983 amorem?

520 1019 579 1066 at
599 1013 646 1065 si
671 1019 949 1083 cognatos,
977 1012 1130 1065 nullo
1154 1018 1350 1066 natura
1373 1013 1554 1067 labore

521 1116 658 1170 quos
680 1098 784 1152 tibi
810 1098 931 1162 dat,
959 1098 1191 1151 retinere
1214 1098 1349 1153 velis
1374 1116 1692 1170 servareque
1716 1100 1933 1164 amicos,

420 1192 485 1238 90
523 1184 713 1239 infelix
738 1201 955 1254 operam
978 1183 1189 1255 perdas,
1219 1190 1283 1237 ut
1305 1184 1353 1237 si
1374 1185 1494 1255 quis
1519 1186 1744 1240 asellum

521 1272 579 1323 in
603 1287 791 1341 campo
817 1269 1009 1323 doceat
1030 1277 1307 1341 parentem
1332 1288 1543 1326 currere
1567 1272 1752 1326 frenis.

521 1356 772 1428 Denique
796 1356 869 1410 sit
889 1355 1012 1409 finis
1037 1356 1360 1425 quaerendi,
1391 1374 1621 1429 cumque
1644 1358 1844 1411 habeas
1866 1357 2007 1428 plus,

519 1443 831 1514 pauperiem
852 1448 1062 1496 metuas
1085 1440 1284 1506 minus,
1313 1447 1371 1494 et
1393 1441 1546 1496 finire
1569 1443 1808 1497 laborem

520 1529 765 1600 incipias,
795 1534 950 1599 parto
977 1527 1124 1598 quod
1147 1527 1376 1580 avebas!
1414 1545 1485 1581 ne
1507 1529 1672 1606 facias
1696 1529 1844 1600 quod

421 1621 486 1667 95
524 1614 828 1668 Ummidius
854 1613 1102 1684 quidamt
1130 1642 1200 1653 —-
1221 1630 1333 1665 non
1357 1612 1521 1683 longa
1544 1624 1628 1669 est
1651 1614 1835 1669 fabula
1856 1645 1925 1654 —
1949 1613 2117 1678 dives,

522 1706 586 1753 ut
605 1699 890 1753 metiretur
911 1715 1177 1764 nummos,
1206 1698 1286 1752 ita
1307 1699 1577 1765 sordidus„
1612 1708 1679 1754 ut
1698 1717 1756 1754 se

522 1801 633 1840 non
657 1801 897 1854 unquam
921 1797 1074 1838 servo
1096 1785 1291 1839 melius
1315 1785 1565 1851 vestiret,
1595 1787 1665 1840 ad
1689 1804 1860 1857 usque

524 1885 833 1941 supremum
858 1875 1089 1940 tempus,
1117 1887 1187 1923 ne
1212 1888 1269 1923 se
1291 1872 1520 1942 penuria
1541 1873 1717 1927 victus

523 1956 876 2027 opprimeret,
902 1955 1199 2009 metuebat.
1237 1963 1296 2010 at
1317 1956 1463 2011 hunc
1486 1957 1681 2011 liberta
1705 1957 1880 2011 securi

392 2048 488 2095 100
526 2041 713 2095 divisit
733 2040 971 2094 medium
986 2081 1000 2105 ,
1028 2041 1321 2096 fortissima
1344 2044 1789 2114 Tyndaridarum.

525 2119 727 2193 „Quid
742 2126 819 2179 mi
841 2126 1011 2197 igitur
1033 2128 1262 2181 suades?
1297 2135 1363 2181 ut
1385 2128 1560 2182 vivam
1585 2129 1855 2193 Maenius,
1885 2135 1982 2182 aut
2004 2127 2083 2183 sic

524 2219 586 2267 ut
607 2213 1022 2267 Nomentanus?
1041 2218 1078 2245 ‘⁸
1125 2214 1314 2284 Pergis
1339 2213 1640 2285 pugnantia
1662 2231 1844 2267 secum

523 2298 794 2352 frontibus
818 2297 1056 2353 adversis
1080 2316 1420 2371 componere.
1457 2318 1567 2354 non
1592 2316 1713 2370 ege,
1742 2316 1962 2360 avarum

527 2400 648 2437 cum
671 2390 796 2440 veto
820 2391 875 2438 te
897 2383 1014 2438 fieri
1027 2423 1040 2450 ,
1069 2402 1298 2456 vappam
1322 2385 1484 2439 iubeo
1508 2403 1570 2439 ac
1593 2385 1938 2440 nebulonem.

396 2474 488 2522 105
527 2476 608 2524 est
631 2470 774 2524 inter
795 2470 1001 2531 Tanain
1025 2471 1295 2541 quiddam·
1311 2488 1662 2543 socerumque
1684 2472 1891 2527 Viselli.

526 2561 611 2609 est
631 2554 825 2609 modus
848 2556 905 2610 in
928 2556 1118 2622 rebus3
1158 2564 1288 2611 sunt
1309 2558 1442 2611 certi
1467 2558 1699 2629 denique
1723 2559 1873 2625 fines,

524 2658 663 2711 quos
685 2640 830 2695 ultra
853 2641 1094 2714 citraque
1117 2643 1308 2715 nequit
1332 2644 1623 2698 consistere
1644 2653 1872 2699 rectum.

524 2726 663 2780 Illuc
688 2726 834 2780 unde
857 2728 966 2781 abii
989 2728 1170 2794 reden,
1201 2746 1358 2783 nemo
1384 2737 1448 2783 ut
1470 2748 1661 2785 avarus

527 2829 584 2865 se
608 2813 826 2883 probet,
856 2831 917 2867 ac
940 2815 1122 2884 potius
1145 2816 1333 2869 laudet
1357 2816 1567 2871 diversa
1589 2824 1893 2888 sequentes,

395 2904 417 2947 1
431 2904 490 2949 10
530 2899 783 2970 quodque
807 2901 983 2955 aliena
1007 2902 1212 2972 capella
1234 2908 1388 2973 gerat
1412 2902 1701 2956 distentius
1725 2901 1875 2970 uber,

524 2983 794 3053 tabescat,
822 3004 999 3057 neque
1023 3004 1080 3041 se
1104 2987 1294 3041 maiori
1317 2987 1699 3058 pauperiorum

523 3063 714 3124 turbae
740 3078 1039 3143 comparet,
1074 3072 1222 3126 hunc
1245 3079 1409 3143 atque
1432 3072 1578 3126 hunc
1602 3080 1853 3142 superare
1877 3071 2104 3126 laboret.

493 3167 498 3172 ·
523 3155 599 3209 sic
622 3156 902 3210 festinanti
926 3172 1136 3227 semper
1157 3157 1481 3230 locupletior
1504 3158 1703 3223 obstat,

527 3282 585 3328 81
627 3285 791 3329 afflixit.
888 3282 950 3328 83
987 3284 1140 3329 reddat
1162 3288 1324 3343 gnatis.
1416 3283 1478 3330 88
1514 3299 1597 3342 ⁸¹¹3
1629 3299 1696 3330 ac.
1792 3283 1854 3329 92
1893 3300 2082 3347 quoque.
2179 3283 2245 3330 94
2284 3299 2382 3331 nec.

387 3351 451 3398 95
489 3353 745 3409 Numidius3
774 3353 977 3409 Uvidius3
1004 3353 1248 3398 numidius.
1277 3354 1372 3413 (qui
1396 3350 1522 3414 tam.)
1621 3353 1713 3398 101
1753 3356 1978 3411 Maevins3
2005 3356 2208 3400 Naevius.
2234 3377 2304 3386 —
2328 3368 2385 3399 ιιι

388 3424 480 3479 si03
507 3437 558 3467 tc
583 3424 665 3466 sic.
743 3420 835 3463 105
876 3422 1075 3465 Tanaim.
1151 3420 1245 3466 108
1282 3436 1438 3468 nemon
1463 3431 1541 3480 ut3
1567 3425 1642 3483 qui
1668 3437 1791 3469 nemo
1817 3433 1879 3470 ut.
1957 3422 2050 3467 113
2088 3423 2246 3468 obstet.
