2667 3809
381 286 447 336 48
1141 292 1484 332 sumnum
1515 279 1562 342 Ι,
1593 283 1644 330 4.

414 442 479 487 45
517 433 730 488 Idcirco
758 431 975 503 quidam
1003 431 1283 485 comoedia
1306 433 1479 484 necne
1502 446 1697 500 poema

513 525 656 572 esset
670 557 685 583 ,
715 516 1044 587 quaesivere,
1077 517 1225 587 quod
1248 535 1371 571 acer
1395 517 1619 587 spiritus
1645 533 1708 569 ac
1732 516 1815 569 vis

511 620 613 656 nec
636 601 817 657 verbis
841 619 942 655 nec
964 602 1125 655 rebus
1150 602 1323 668 inest,
1353 601 1462 655 nisi
1488 600 1639 671 quod
1661 600 1800 669 pede
1825 609 1973 653 certo

517 687 699 741 differt
722 688 985 752 sermoni,
1016 703 1195 740 sermo
1218 703 1419 738 merus.
1448 716 1515 726 —-
1542 686 1663 751 „At
1685 693 1839 756 pater
1862 686 2059 739 ardens

514 772 714 836 saevit,
751 771 899 841 quod
923 772 1203 825 meretrice
1227 787 1399 841 nepos
1423 770 1648 824 insanus
1672 771 1846 824 amica

413 866 476 911 50
513 858 660 911 filius
682 873 908 910 uxorem
934 856 1130 925 grandi
1154 874 1278 910 cum
1303 857 1433 910 dote
1455 861 1688 919 recuset,

513 943 696 997 ebrius
721 948 776 995 et
797 970 868 980 -—
890 958 1150 1010 magnum
1176 941 1322 1012 quod
1348 941 1586 995 dedecus
1612 970 1673 980 —
1704 940 1946 993 ambulet
1968 947 2094 993 ante

513 1033 728 1080 noctem
754 1043 875 1079 cum
901 1025 1178 1079 facibus.“
1203 1058 1274 1066 —
1296 1025 1581 1096 Numquid
1604 1025 1942 1095 Pomponius
1967 1025 2084 1078 istis

513 1111 728 1167 audiret
748 1110 969 1176 leviora,
997 1119 1151 1182 pater
1175 1112 1222 1165 si
1245 1111 1453 1165 viveret
1470 1112 1495 1164 Ρ
1530 1128 1662 1181 ergo

512 1213 623 1249 non
649 1196 780 1249 satis
805 1203 889 1249 est
911 1197 1061 1266 puris
1086 1214 1299 1251 versum
1324 1195 1656 1266 perscribere
1678 1194 1876 1259 verbis,

411 1290 473 1334 55
513 1299 674 1352 quem
699 1281 745 1334 si
771 1281 1049 1347 dissolvas,
1080 1280 1258 1351 quivis
1283 1281 1653 1334 stomachetur
1676 1280 1867 1333 eodem

513 1384 622 1437 quo
647 1373 966 1436 personatus
990 1374 1148 1435 pacto
1172 1372 1344 1436 pater.
1397 1365 1522 1430 His,
1553 1382 1656 1435 ego
1682 1382 1821 1435 quae
1844 1381 2009 1430 nunc,

512 1451 644 1504 olim
669 1468 807 1521 quae
831 1450 1047 1521 scripsit
1069 1450 1333 1515 Lucilius,
1365 1450 1560 1521 eripias
1585 1451 1631 1504 si

509 1542 755 1606 tempora
780 1543 927 1589 certa
948 1536 1266 1607 modosque,
1301 1543 1358 1589 et
1381 1537 1530 1606 quod
1552 1535 1704 1606 prius
1729 1536 1918 1590 ordine
1943 1536 2167 1592 verbum
2194 1543 2279 1589 est

506 1615 777 1691 posterius
799 1620 983 1684 facias,
1008 1637 1351 1690 praeponens
1375 1622 1569 1675 ultima
1591 1622 1810 1691 primise

406 1713 469 1758 60
506 1723 642 1770 non,
671 1711 737 1758 ut
760 1705 807 1757 si
831 1705 1008 1758 solvas
1046 1714 1370 1776 „postquam
1394 1706 1657 1760 discordia
1685 1713 1825 1760 tetra

506 1789 887 1859 belliferratos
899 1797 1085 1858 postes
1104 1797 1393 1862 portasque
1416 1792 1712 1862 resreqit,“

504 1874 748 1931 invenias
774 1875 936 1928 etiam
961 1875 1174 1930 disiecti
1196 1878 1438 1931 membra
1462 1884 1672 1948 poetae.
1701 1908 1769 1920 —

505 1961 792 2014 Hactenus
815 1961 979 2026 hae03
1020 1961 1152 2015 alias
1177 1962 1384 2016 iustum
1408 1962 1480 2016 sit
1502 1980 1674 2016 necne
1697 1980 1906 2033 poema,

502 2062 650 2099 nunc
673 2045 812 2098 illud
836 2052 1050 2098 tantum
1076 2064 1329 2117 quaeram
1344 2087 1359 2113 ,
1387 2048 1652 2101 meritone
1677 2048 1780 2101 tibi
1804 2048 1877 2101 sit

404 2139 467 2183 65
505 2137 817 2201 suspectum
841 2148 1016 2200 genus
1040 2132 1144 2185 hoc
1169 2133 1461 2188 scribendi.
1513 2134 1729 2187 Sulcius
1753 2149 1875 2185 acer

501 2215 744 2270 ambulat
765 2221 822 2268 et
845 2215 1090 2286 Caprius,
1117 2219 1269 2272 rauci
1291 2218 1433 2270 male
1459 2234 1690 2288 cumque
1713 2217 1931 2282 libellis,

501 2318 730 2372 magnus
757 2307 983 2372 uterque
1007 2304 1169 2357 timor
1193 2303 1526 2368 latronibus3
1566 2309 1625 2356 at
1647 2302 1787 2356 bene
1812 2304 1859 2356 si
1885 2302 2008 2372 quis

502 2393 559 2439 et
580 2385 729 2441 vivat
749 2387 900 2457 puris
925 2389 1192 2453 manibus,
1222 2395 1534 2441 contemnat
1559 2394 1870 2457 utrumque.

504 2471 579 2525 Ut
601 2470 674 2525 sis
698 2477 762 2524 tu
787 2472 979 2526 similis
1004 2472 1153 2526 Caeli
1177 2472 1428 2543 Birrique
1453 2473 1743 2537 latronum,

400 2563 463 2607 70
500 2573 612 2609 non
637 2574 740 2626 ego
766 2557 867 2610 sim
893 2557 1054 2627 Capri
1077 2574 1255 2628 neque
1281 2557 1462 2621 Sulci;
1505 2573 1602 2609 cur
1624 2564 1837 2611 metuas
1860 2575 1947 2611 me
1962 2559 1987 2611 Ρ
2017 2615 2021 2619 Α

496 2642 665 2696 Nulla
686 2642 912 2695 taberna
935 2660 1084 2696 meos
1108 2643 1307 2696 habeat
1330 2659 1508 2713 neque
1533 2642 1644 2712 pila
1665 2642 1898 2707 libellos,

499 2726 622 2796 quis
646 2744 839 2781 manus
863 2727 1083 2781 insudet
1104 2727 1258 2798 vulgi
1284 2727 1758 2798 Hermogenisque
1781 2727 1977 2798 Tigelli
1996 2750 2009 2793 3

495 2828 596 2864 nec
619 2811 790 2865 recito
815 2811 1068 2883 cuiquam
1092 2812 1200 2866 nisi
1223 2813 1428 2877 amicis,
1458 2812 1624 2883 idque
1650 2821 1887 2877 coactus,

497 2913 608 2950 non
633 2897 812 2951 ubivis
836 2914 1084 2953 coramve
1109 2898 1463 2969 quibuslibet.
1514 2898 1583 2951 In
1613 2898 1794 2952 medio
1819 2898 1916 2968 qui

396 2987 459 3032 75
496 2981 697 3052 scripta
719 2983 839 3036 foro
862 2983 1118 3046 recitent,
1157 2991 1285 3037 sunt
1308 2983 1499 3048 multi,
1530 2982 1733 3053 quique
1758 2983 2031 3048 lavantes3

495 3085 659 3121 suave
683 3068 834 3121 locus
858 3069 978 3123 voci
1003 3075 1222 3122 resonat
1245 3068 1554 3123 conclusus.
1605 3068 1804 3124 Inanes

498 3153 602 3206 hoc
626 3153 808 3219 iuvat,
836 3152 987 3206 haud
1009 3153 1149 3206 illud
1175 3161 1513 3224 quaerentes,
1540 3172 1673 3208 num
1698 3155 1815 3209 sine
1841 3173 2021 3221 sensu,

495 3345 559 3390 49
592 3349 770 3391 insanit.
845 3345 908 3390 50
947 3354 1138 3392 recusat.
1213 3347 1272 3391 51
1315 3348 1522 3394 ambulat.
1596 3348 1658 3394 62
1681 3320 1909 3395 invenies.
1986 3347 2049 3394 68
2087 3351 2212 3408 puris
2235 3350 2368 3393 vivat.

356 3413 420 3459 69
448 3416 570 3461 Coeli
596 3414 860 3473 Byrrhique.
936 3413 998 3458 70
1030 3428 1140 3460 sum.
1216 3414 1279 3459 73
1306 3430 1421 3475 non3
1448 3431 1534 3463 neu
1559 3420 1734 3464 recitem
1761 3419 2011 3478 quidquam.
2074 3417 2137 3462 75
2164 3419 2368 3463 recitant.
