2667 3809
390 316 494 369 294
1123 294 1535 364 Ems'romnm's
1561 309 1669 362 111.

531 473 596 519 ut
617 469 801 535 gratas
825 461 969 515 inter
991 478 1203 515 mensas
1228 462 1553 532 symphonia
1577 462 1781 517 discors

392 560 491 606 375
532 560 588 606 et
613 566 852 603 crassum
877 555 1221 619 unguentum
1247 554 1304 600 et
1329 548 1503 601 Sardo
1528 565 1652 602 cum
1675 548 1838 602 melle
1863 567 2099 620 papaver

528 636 834 699 offendunt,
863 641 1078 705 poterat
1101 633 1228 687 duci
1254 633 1384 704 quia
1410 650 1580 686 coena
1603 634 1721 688 sine
1746 635 1896 689 istis:

528 722 608 776 sic
632 720 828 774 animis
852 725 1043 772 natum
1075 718 1469 789 inventumque
1493 736 1688 789 poema
1710 719 1982 785 iuvandis,

528 807 575 859 si
599 805 844 877 paullum
871 822 1082 858 summo
1109 803 1361 869 decessit,
1389 804 1569 875 vergit
1593 804 1663 858 ad
1688 805 1878 859 imum.

527 891 717 945 ludere
741 891 837 961 qui
861 889 1054 955 nescit,
1083 890 1477 959 campestribus
1502 890 1742 943 abstinet
1767 891 1949 956 armis,

390 984 489 1030 380
528 977 891 1047 indoctusque
915 975 1058 1046 pilae
1084 975 1285 1028 discive
1310 974 1555 1028 trochive
1581 975 1831 1046 quiescit,

523 1081 593 1117 ne
618 1063 821 1133 spissae
846 1062 1014 1115 risum
1039 1060 1237 1115 tollant
1260 1060 1484 1129 impune
1510 1077 1772 1126 coronae;

527 1149 623 1221 qui
646 1148 821 1202 nescit
844 1165 1031 1201 versus
1056 1154 1236 1199 tamen
1262 1144 1431 1198 audet
1454 1144 1677 1216 fingere,
1719 1146 1949 1217 quidni?

523 1234 663 1289 liber
687 1240 744 1287 et
765 1232 1058 1303 ingenuus,
1087 1230 1404 1303 praesertim
1430 1247 1624 1284 census
1650 1237 1955 1302 equestrem

525 1335 790 1373 summam
813 1335 1161 1371 nummorum
1185 1318 1428 1388 vitioque
1451 1323 1694 1371 remotus
1718 1316 1787 1370 ab
1813 1317 1982 1370 omni.

388 1411 486 1458 385
524 1412 585 1458 tu
611 1404 752 1457 nihil
777 1403 950 1457 invita
975 1403 1120 1456 dices
1144 1403 1377 1457 faciesve
1402 1403 1684 1470 Minerva3

524 1490 583 1543 id
606 1489 710 1543 tibi
734 1487 998 1542 iudicium
1023 1495 1123 1553 est,
1152 1505 1216 1541 ea
1238 1505 1412 1541 mens.
1450 1488 1498 1541 si
1523 1486 1657 1558 quid
1679 1495 1862 1541 tamen
1888 1487 2038 1540 olim'

523 1574 819 1647 scripseris,
855 1574 912 1627 in
936 1573 1117 1627 Maeci
1142 1573 1438 1627 descendat
1461 1572 1657 1626 iudicis
1682 1589 1838 1626 aures

523 1668 580 1714 et
601 1660 771 1731 patris
797 1666 853 1714 et
874 1665 1106 1726 nostras,
1135 1660 1451 1730 nonumque
1475 1664 1751 1728 prematur
1775 1658 1833 1711 in
1857 1676 2078 1723 annum,

525 1744 851 1799 membranis
877 1743 1026 1797 intus
1050 1744 1263 1813 positis.
1303 1743 1485 1797 delere
1509 1743 1697 1797 licebit

385 1836 485 1884 390
525 1831 675 1900 quod
699 1846 811 1882 non
837 1828 1103 1892 edideris;
1144 1831 1320 1883 nescit
1342 1847 1451 1884 vox
1475 1829 1641 1882 missa
1661 1829 1879 1884 reverti.

521 1915 808 1969 Silvestres
834 1915 1083 1968 homines
1110 1932 1260 1968 sacer
1284 1915 1661 1987 interpresque
1686 1915 1911 1968 deorum

521 1999 780 2053 caedibus
805 2006 862 2053 et
883 1999 1034 2053 victu
1058 1999 1219 2053 foedo
1245 1999 1513 2054 deterruit
1538 2001 1808 2071 Orpheus,

522 2084 702 2137 dictus
727 2082 797 2136 ob
823 2084 929 2138 hoc
953 2084 1125 2139 lenire
1149 2085 1318 2156 tigres
1344 2085 1675 2156 rabidosque
1697 2085 1913 2150 leones3

521 2169 701 2223 dictus
727 2175 783 2222 et
804 2170 1102 2240 Amphion,
1131 2171 1421 2225 Thebanae
1447 2171 1697 2225 conditor
1720 2171 1876 2236 arcis,

381 2261 482 2308 395
520 2271 652 2308 saxa
674 2272 893 2309 movere
918 2273 1052 2313 sono
1077 2256 1371 2311 testudinis
1397 2263 1454 2310 et
1475 2274 1634 2327 prece
1658 2256 1859 2311 blanda

518 2340 716 2393 ducere
742 2358 851 2411 quo
877 2341 1062 2396 vellet.
1097 2342 1206 2396 fuit
1227 2343 1363 2396 haec
1387 2342 1654 2412 sapientia
1678 2342 1974 2413 quondam,

515 2426 737 2497 publica
759 2426 986 2497 privatis
1010 2444 1307 2493 secernere,
1343 2444 1493 2481 sacra
1516 2427 1777 2498 profanis,

515 2511 811 2565 concubitu
839 2511 1127 2581 prohibere
1150 2529 1310 2583 vago,
1342 2512 1469 2567 dare
1494 2513 1615 2566 iura
1636 2512 1862 2577 maritis,

515 2596 715 2666 oppida
737 2596 936 2661 moliri,
966 2597 1117 2667 leges
1140 2597 1382 2651 incidere
1406 2598 1580 2669 ligno.

373 2684 476 2732 400
516 2679 592 2733 sic
617 2681 793 2734 honor
818 2687 875 2735 et
897 2699 1098 2743 nomen
1124 2682 1324 2737 divinis
1350 2683 1566 2737 vatibus
1591 2689 1755 2754 atque

513 2766 843 2821 carminibus
868 2767 1038 2821 venit.
1076 2779 1204 2838 post
1226 2769 1327 2822 hos
1354 2768 1587 2839 insignis
1614 2768 1889 2822 Homerus

511 2850 883 2924 Tyrtaeusque
907 2869 1082 2906 mares
1106 2854 1315 2908 animos
1339 2854 1397 2907 in
1423 2854 1625 2908 Martia
1650 2854 1795 2908 bella

509 2935 755 2989 versibus
780 2937 1027 3004 exacuit3
1069 2938 1245 2993 dictae
1270 2957 1369 3010 per
1393 2939 1632 2993 carmina
1656 2947 1847 3006 sortes,

505 3111 559 3155 Α.
600 3108 698 3155 378
737 3127 763 3156 a
788 3126 953 3158 summo
978 3114 1189 3173 discedit3
1227 3117 1448 3162 discessit.
1543 3115 1641 3162 385
1682 3118 1919 3178 faciesque.
2016 3116 2135 3171 (386
2174 3120 2386 3167 iudicium

365 3179 501 3230 esto.)
576 3175 673 3222 387
711 3180 1570 3242 Meci3Mecii3Meti3Meti13Maeeii.
1645 3183 1743 3230 393
1781 3187 2063 3246 rapidosque.
2135 3185 2237 3232 394
2276 3203 2390 3235 con·

363 3243 483 3289 ditor
505 3246 646 3290 urbis.
718 3245 819 3289 400
856 3247 1013 3292 honos.

506 3313 559 3357 B.
599 3310 697 3356 374
734 3314 994 3371 simphonia.
1067 3314 1167 3362 378
1204 3320 1380 3377 paulum
1406 3342 1472 3353 -
1497 3322 1701 3366 discessit
1726 3343 1789 3355 -
1816 3323 1872 3367 sd
1896 3336 2055 3381 ymnu-
2130 3321 2230 3368 380
2270 3325 2382 3370 disci

363 3391 418 3422 ve
443 3382 552 3423 troci
576 3394 646 3424 ve.
752 3378 850 3425 385
889 3381 1126 3440 faciesque.
1236 3384 1336 3431 386
1373 3390 1412 3433 si
1446 3396 1587 3434 tamen
1621 3390 1743 3448 quid.
1853 3387 1950 3435 387
1991 3392 2117 3437 mecii
2142 3406 2179 3438 s.
2207 3394 2384 3438 macrii.

366 3441 468 3488 394
506 3447 648 3493 urbis.
722 3449 870 3500 (versu
897 3446 994 3492 395
1021 3451 1221 3503 desinit.)
