2667 3809
405 273 502 322 120
1109 307 1116 313 .
1155 280 1494 321 sumnam
1516 268 1595 332 11,
1627 271 1676 320 3.

536 421 759 476 tractari
782 438 894 474 non
919 422 1057 475 vult.
1095 421 1154 474 in
1177 436 1360 472 amore
1385 419 1519 472 haec
1542 428 1676 474 sunt
1695 422 1866 476 malaz
1906 421 2134 487 bellum,

536 525 644 578 pax
666 523 900 561 rursum.
940 506 1073 560 haec
1099 506 1145 560 si
1170 506 1293 576 quis
1316 505 1655 576 tempestatis
1678 524 1847 577 prope
1870 509 1982 561 ritu

535 591 760 645 mobilia
784 598 840 644 et
865 609 1024 645 caeca
1045 590 1320 644 fluitantia
1344 598 1489 645 sorte
1511 591 1724 645 ,laboret

401 685 500 730 270
536 678 763 731 reddere
789 683 936 730 certa
960 677 1082 741 sibi,
1112 676 1287 729 nihilo
1311 676 1436 746 plus
1462 676 1697 747 explicet
1721 694 1782 731 ac
1809 679 1855 730 si

535 764 773 817 insanire
802 769 959 832 paret
981 768 1126 815 certa
1147 762 1361 816 ratione
1383 764 1675 833 modoque.

538 849 706 914 Quid,
737 865 861 902 cum
883 846 1099 900 Picenis
1124 864 1418 918 excerpens
1443 850 1650 901 semina
1676 851 1852 918 pomis
1873 883 1882 887 «
1982 864 1992 869 ’

534 933 760 1004 gaudes,
790 935 837 986 si
861 950 1125 986 cameram
1150 934 1389 1004 percusti
1411 934 1569 998 forte,
1599 952 1764 1004 penes
1788 944 1846 989 te
1870 937 1967 989 es?
2035 962 2046 975 v

536 1018 687 1089 quid,
717 1028 842 1072 cum
864 1020 1028 1072 balba
1049 1019 1177 1072 feris
1201 1036 1409 1072 annoso
1432 1019 1596 1074 verba
1620 1020 1819 1089 palate,

399 1109 496 1155 275
535 1103 852 1159 aedificante
877 1122 1025 1159 casas
1051 1105 1145 1175 qui
1169 1105 1393 1158 sanior?
1427 1105 1568 1159 adde
1593 1123 1839 1159 cruorem

535 1189 801 1244 stultitiae
825 1196 990 1260 atque
1014 1191 1198 1260 ignem
1224 1190 1408 1261 gladio
1434 1197 1672 1244 scrutare
1696 1193 1878 1257 modo,
1908 1193 2148 1263 inquam.

533 1274 769 1329 Hellade
792 1293 1046 1344 percussa
1069 1275 1279 1329 Marius
1305 1294 1428 1329 eum
1451 1277 1772 1348 praecipitat
1795 1295 1871 1342 se,

534 1359 762 1414 cerritus
783 1361 930 1414 fuit?
965 1378 1035 1414 an
1061 1369 1361 1414 commotae
1386 1362 1608 1415 crimine
1633 1363 1831 1416 mentis

532 1445 779 1499 absolves
803 1446 1078 1500 hominem
1103 1453 1159 1503 et
1183 1447 1398 1500 sceleris
1424 1447 1705 1501 damnabis
1731 1449 1984 1513 eundem,

397 1535 495 1582 280
534 1549 603 1584 ex
626 1549 776 1585 more
801 1533 1085 1604 imponens
1111 1539 1346 1603 cognata
1368 1533 1632 1586 vocabula
1653 1534 1855 1587 rebus?
1881 1565 1950 1573 —

531 1616 845 1671 Libertinus
870 1625 1012 1682 erat,
1044 1618 1137 1689 qui
1162 1619 1363 1674 circum
1392 1619 1630 1690 compita
1651 1620 1826 1673 siccus

530 1702 694 1757 lautis
717 1720 876 1756 mane
902 1720 1067 1757 senex
1091 1705 1343 1758 manibus
1369 1705 1619 1759 currebat
1642 1713 1698 1759 et
1728 1723 1945 1771 „unum
1968 1736 2039 1747 -

532 1788 666 1857 quid
689 1794 801 1841 tam
818 1790 1124 1858 magnum?
1147 1796 1259 1829 -—-“
1297 1791 1504 1845 addens
1530 1808 1745 1856 „unum
1768 1808 1855 1844 me
1880 1792 2087 1861 surpite
2112 1794 2308 1847 morti!

533 1873 617 1926 dis
641 1873 841 1926 etenim
864 1873 1022 1926 facile
1047 1879 1197 1938 est,“
1225 1876 1440 1940 orabat,
1461 1893 1634 1929 ‘sanus
1658 1875 1905 1947 utrisque

395 1964 494 2010 285
533 1959 752 2012 auribus
777 1966 941 2031 atque
966 1959 1168 2024 oculis3
1204 1967 1461 2026 mentem,
1489 1961 1597 2014 nisi
1620 1962 1915 2032 litigiosus,
1943 1982 1952 1985 ⁴

533 2044 806 2114 exciperet
830 2045 1100 2110 dominus,
1129 2060 1251 2099 cum
1277 2047 1555 2100 venderet.
1593 2047 1698 2101 hoc
1723 2064 1940 2118 quoque
1964 2048 2162 2120 vulgus

532 2129 863 2201 Chrysippus
887 2130 1044 2199 ponit
1066 2131 1300 2187 fecunda
1324 2132 1382 2190 in
1407 2132 1571 2202 ‘gente
1596 2133 1838 2187 Meneni.

532 2214 842 2283 ‚,Iuppiter‚
871 2215 1120 2283 ingentes
1146 2217 1241 2285 qui
1266 2217 1363 2270 das
1388 2218 1689 2287 adimisque
1714 2218 1999 2282 dolores,“

528 2307 701 2354 mater
723 2299 801 2353 ait
822 2302 978 2370 pueri
1001 2318 1217 2355 menses
1238 2302 1346 2363 iam
1373 2303 1613 2372 quinque
1636 2303 1904 2368 cubantis,

393 2389 490 2435 290
528 2383 774 2454 „frigida
796 2386 842 2439 si
865 2403 1095 2457 puerum
1121 2393 1387 2456 quartana
1408 2387 1717 2457 reliquerit,
1748 2386 1845 2441 illo

525 2486 683 2525 mane
709 2470 817 2537 die,
845 2488 954 2542 quo
980 2478 1042 2524 tu
1066 2470 1262 2524 indicis
1286 2471 1508 2536 ieiunia,
1537 2473 1721 2525 nudus

524 2556 581 2609 in
605 2557 786 2610 Tiberi
811 2556 1044 2610 stabit.“
1081 2573 1238 2609 casus
1262 2556 1573 2611 medicusve
1596 2558 1789 2613 levarit

525 2659 749 2711 aegrum
773 2659 840 2695 ex
864 2642 1148 2714 praecipiti
1163 2680 1177 2705 ,
1211 2649 1386 2696 mater
1409 2643 1578 2697 delira
1601 2644 1820 2698 necabit

524 2726 582 2778 in
607 2726 789 2796 gelida
812 2727 981 2780 fixum
1004 2728 1123 2798 ripa
1144 2727 1450 2798 febrimque
1472 2729 1714 2783 reducet.
1783 2776 1788 2781 .

389 2816 487 2862 295
527 2827 708 2881 quone
731 2813 874 2865 malo
899 2823 1137 2867 mentem
1162 2814 1467 2867 concussa?
1502 2814 1697 2868 timore
1723 2813 1969 2868 deorum.
2004 2843 2069 2853 —

525 2897 679 2950 Haec
703 2897 839 2949 mihi
864 2897 1173 2964 Stertinius,
1203 2899 1511 2969 sapientum
1534 2906 1776 2964 octavus,
1805 2899 1979 2953 amico

525 3000 675 3036 arma
697 2982 875 3047 dedit,
904 2984 1134 3051 posthac
1156 3002 1226 3037 ne
1252 2984 1607 3055 compellaret
1629 2985 1859 3040 inultus.

525 3067 727 3121 dixerit
749 3068 1001 3121 insanum
1027 3069 1120 3138 qui
1144 3086 1248 3135 me,
1277 3070 1510 3125 totidem
1536 3070 1723 3125 audiet
1745 3077 1912 3140 atque

521 3153 788 3224 respicere
811 3152 1004 3221 ignoto
1029 3153 1203 3207 discet
1225 3155 1522 3225 pendentia
1544 3163 1719 3226 tergo.

525 3278 624 3324 276
652 3286 864 3325 scrutare.
900 3278 1048 3332 Modo,
1077 3280 1281 3337 inquam3
1313 3281 1476 3340 (modo,
1495 3285 1548 3342 ’8¹
1574 3283 1737 3341 quem.)
1767 3334 1772 3337 ,
1814 3280 1913 3328 283
1941 3283 2145 3343 quiddam
2170 3295 2403 3340 magnum3

387 3351 599 3408 quoddam
636 3360 867 3406 magnum3
907 3346 1045 3405 quid?
1078 3352 1164 3390 ‘tam
1201 3351 1436 3406 maguum?
1543 3349 1639 3395 291
1680 3366 1854 3410 magne.
1962 3349 2061 3395 292
2100 3352 2404 3410 medicusque.

388 3417 486 3464 295
526 3430 753 3478 percussa.
828 3412 926 3457 297
964 3414 1213 3472 posthaec.
1602 3438 1610 3445 ·
1657 3438 1662 3446 ι
