2667 3809
386 259 456 310 94
1117 267 1453 309 snm-Anum
1477 255 1555 319 ΙΙ,
1585 259 1635 308 2.

525 409 940 480 iudiciumques‘
988 409 1144 473 Esto,
1174 410 1221 463 si
1245 410 1366 479 quis
1392 409 1562 473 mala3
1602 411 1699 479 sed
1720 410 1865 463 bona
1888 408 1934 463 si
1960 408 2081 479 quis

523 497 702 551 iudice
727 496 1031 550 condiderit
1053 496 1304 550 laudatus
1330 497 1595 551 Caesare?
1629 496 1676 548 si
1703 496 1828 565 quis

424 589 486 635 85
527 582 827 654 opprobriis
853 582 1081 653 dignum
1102 568 1408 647 latraverit,
1438 583 1654 652 integer„
1672 581 1828 651 ipse?
1871 570 1874 575 ’

526 668 862 733 „Solventur
882 669 996 722 risu
1019 668 1269 733 tabulae3
1308 675 1371 722 tu
1395 669 1591 723 missus
1618 667 1858 721 abibis:“

1332 977 1428 1038 II.
1467 1002 1472 1003 ff

1236 1128 1525 1182 (fisenus.)

522 1254 678 1313 Quae
702 1254 873 1307 virtus
898 1261 954 1307 et
977 1262 1196 1324 quanta,
1227 1252 1384 1316 boni,
1413 1253 1485 1305 sit
1507 1251 1685 1305 vivere
1709 1268 1892 1321 parve,
1924 1280 1990 1290 —

523 1357 622 1393 nec
645 1357 797 1393 meus
823 1339 910 1392 hic
935 1356 1108 1399 sermo
1135 1346 1245 1403 est,
1271 1339 1367 1392 sed
1392 1355 1529 1408 quae
1553 1338 1825 1408 praecepit
1848 1335 2057 1393 oflellus

519 1425 773 1489 rusticus,
808 1424 1080 1479 abnormis
1105 1425 1319 1494 sapiens
1346 1441 1626 1494 crassaque
1651 1423 1915 1486 Minerva,
1933 1452 2010 1485 ‚—-

521 1511 712 1567 discite
732 1528 846 1567 non
871 1511 1013 1564 inter
1036 1511 1215 1567 lances
1240 1527 1561 1580 mensasque
1585 1510 1839 1573 nitentes,

452 1605 481 1648 5
521 1615 643 1651 cum
668 1605 851 1668 stupet
874 1597 1078 1650 insanis
1101 1597 1243 1650 acies
1266 1597 1573 1673 fulgoribus
1599 1603 1658 1649 et
1680 1613 1801 1648 cum

442 1704 445 1709 ·
521 1683 741 1738 acclinis
765 1686 916 1751 falsis
940 1687 1152 1743 animus
1177 1683 1402 1738 meliora
1427 1691 1686 1749 recusat„
1797 1754 1802 1757 -

414 1790 429 1807 ··
517 1787 706 1822 verum
730 1770 819 1823 hic
843 1771 1102 1841 impransi
1123 1789 1337 1825 mecum
1361 1769 1663 1839 disquirite.
1717 1786 1812 1821 cur
1835 1768 1976 1821 hoc?

520 1854 712 1920 dicam,
743 1857 790 1909 si
813 1865 1022 1928 potere.
1072 1857 1222 1911 Male
1244 1875 1433 1910 verum
1457 1856 1729 1909 examinat
1754 1854 1929 1907 omnis

520 1950 807 2011 corruptus
831 1943 1016 1997 iudex.
1066 1943 1303 2013 leporem
1329 1950 1566 1995 sectatus
1592 1958 1812 2013 equove·
1849 1931 1863 1955 ¹

421 2033 480 2079 10
520 2027 692 2082 lassus
717 2028 785 2081 ab
809 2027 1075 2083 indomito
1101 2028 1204 2092 vel,
1235 2028 1281 2080 si
1303 2029 1553 2081 Romana
1577 2028 1771 2097 fatigat

516 2113 712 2166 militia
735 2112 1021 2168 adsuetum
1045 2115 1302 2184 graecari,
1333 2132 1429 2167 seu
1453 2113 1565 2183 pila
1588 2113 1748 2166 velox

422 2208 428 2221 ‘
518 2199 757 2271 molliter
779 2207 1055 2253 austerum
1080 2200 1263 2259 studio
1287 2200 1510 2273 fallente
1535 2199 1793 2263 laborem,

516 2303 612 2338 seu
637 2295 692 2340 te
717 2286 900 2341 discus
923 2287 1056 2356 agit,
1086 2294 1210 2357 pete
1236 2286 1516 2341 cedentem
1542 2302 1664 2355 aera
1689 2286 1866 2349 disco;
1909 2324 1918 2329 ⁶

518 2389 640 2424 cum
663 2372 817 2426 labor
841 2362 1115 2426 extuderit
1137 2373 1376 2438 fastidia„
1404 2373 1595 2437 sicem,
1625 2365 1801 2425 inanis

417 2464 475 2508 15
515 2475 708 2529 sperne
733 2459 915 2526 cibum
938 2457 1131 2536 vilem3
1171 2450 1278 2511 nisi
1303 2457 1583 2529 Hymettia
1610 2458 1771 2512 mella
1795 2457 2025 2512 Falerno

513 2561 583 2598 ne
608 2545 808 2600 biberis
831 2544 1027 2599 diluta.
1076 2542 1207 2611 foris
1232 2552 1315 2597 est
1339 2556 1560 2613 promus
1581 2552 1640 2619 et
1664 2552 1841 2597 atrum

512 2631 806 2686 defendens
829 2633 1004 2702 pisces
1029 2630 1234 2683 hiemat
1255 2646 1431 2683 mare:
1470 2647 1593 2684 cum
1618 2631 1730 2684 sale
1753 2629 1907 2700 panis

510 2715 798 2771 latrantem
822 2716 1164 2793 stomachum
1189 2717 1326 2771 bene
1352 2715 1535 2770 leniet.
1589 2715 1734 2770 unde
1758 2723 1916 2785 putas
1941 2722 2038 2769 aut

508 2802 602 2871 qui
618 2805 878 2872 partum?
915 2821 1026 2857 non
1049 2804 1107 2856 in
1133 2819 1255 2869 caro
1279 2802 1470 2856 nidore
1495 2803 1745 2872 voluptas

408 2891 471 2937 20
509 2904 734 2953 summa,
763 2882 939 2942 sed‘in
964 2897 1019 2942 te
1043 2889 1162 2958 ipso
1189 2897 1290 2943 est.
1332 2895 1404 2944 -tu
1429 2888 1793 2959 pulmentaria
1817 2903 2012 2958 quaere

507 2972 783 3037 sudand03
824 2972 1083 3044 pinguem
1106 2974 1254 3029 vitiis
1279 2975 1570 3045 albumque
1595 2962 1769 3044 neque
1794 2981 1971 3026 ostrea

505 3074 607 3110 nee
629 3074 810 3111 scarus
838 3066 933 3112 aut
953 3058 1154 3129 poterit
1177 3061 1467 3131 peregrina
1488 3061 1673 3114 iuvare
1698 3060 1904 3130 lagois„

505 3142 598 3196 vix
623 3150 804 3196 tamen
829 3142 1068 3213 eripiam,
1098 3145 1276 3215 posito
1302 3163 1513 3216 pavone
1536 3146 1672 3201 velis
1698 3146 1829 3217 quin

508 3285 569 3330 84
608 3287 834 3344 laudatur-3
862 3287 1082 3335 laudetur.
1173 3287 1234 3332 85
1274 3290 1546 3337 laceraverit.
1653 3286 1710 3334 11.
1754 3290 1775 3333 1
1817 3250 1978 3348 quanta
2002 3290 2144 3336 bonis.
2220 3287 2247 3333 2
2288 3291 2370 3334 sed

366 3355 814 3469 (ἑιίοιιὲθῑ-οὲιθτὲῑῌα.)
928 3355 986 3399 14
1016 3354 1258 3415 ‘extulerim
1298 3360 1544 3419 expulerit3
1571 3359 1825 3406 abstulerit.
1940 3358 1999 3404 19
2038 3373 2126 3404 non
2150 3366 2216 3404 est
2241 3373 2363 3403 caro.
