2667 3809
263 266 367 323 2‘06
956 277 1373 318 ErrsronAR-tm
1396 264 1444 328 1,
1473 266 1556 317 14.

404 420 607 475 stultus
630 424 862 490 uterque
885 418 1067 472 locum
1091 418 1423 471 immeritum
1449 423 1702 472 causatur
1725 417 1946 489 inique;

402 506 462 559 in
489 505 650 576 culpa
672 510 757 558 est
778 503 1010 569 animus,
1039 503 1136 573 qui
1159 521 1218 557 se
1240 521 1354 557 non
1379 502 1572 574 effugit
1595 520 1854 572 unquam.

403 594 472 646 tu'
490 590 849 645 mediastinus
871 589 1038 642 tacita
1059 606 1218 659 prece
1241 606 1370 642 rura
1392 588 1633 658 petebas,

305 685 364 729 15
400 693 548 731 nunc
572 676 762 729 urbem
787 682 844 729 et
867 675 1027 729 ludos
1051 682 1108 727 et
1129 674 1325 728 balnea
1346 675 1564 731 villicus
1588 680 1764 744 optas.

408 779 495 815 me
519 769 768 815 constare
792 760 929 813 mihi
953 760 1057 815 scis
1082 766 1139 813 et
1162 759 1440 813 discedere
1467 761 1694 825 tristem,

409 848 847 918 quandocunque
872 845 1096 899 trahunt
1119 845 1295 909 invisa
1316 846 1540 915 negotia
1563 847 1815 900 Romam.
1840 844 1857 861 ’

408 950 521 985 non
546 930 734 984 eadem
758 931 1043 995 miramur3
1084 947 1149 983 eo
1176 931 1518 985 disconvenit
1546 931 1688 985 inter

413 1034 609 1087 meque
633 1024 690 1069 et
713 1021 787 1068 te.
825 1032 951 1069 nam
978 1033 1116 1086 quae
1141 1015 1357 1070 deserta
1379 1024 1436 1070 et
1459 1017 1739 1087 inhospita
1762 1025 1958 1088 tesqua

314 1109 377 1155 20
416 1102 608 1166 credis,
639 1117 866 1154 amoena
888 1108 1049 1154 vocat
1069 1117 1283 1154 mecum
1309 1102 1405 1171 qui
1429 1103 1614 1166 sentit,
1644 1111 1702 1157 et
1725 1103 1844 1157 odit

415 1205 553 1259 quae
576 1194 640 1241 tu
664 1185 893 1257 pulchra
915 1192 1096 1256 putas.
1139 1187 1320 1240 fornix
1345 1182 1449 1240 tibi
1473 1195 1529 1241 et
1552 1197 1717 1243 uncta
1741 1190 1943 1260 popina
1998 1254 2001 1259 .

419 1273 698 1326 incutiunt
720 1271 873 1326 urbis
897 1271 1244 1336 desiderium,
1273 1271 1452 1338 video,
1481 1280 1537 1326 et
1561 1275 1709 1344 quod

414 1358 651 1429 angulus
675 1358 779 1411 iste
803 1358 941 1411 feret
961 1356 1120 1426 piper
1142 1363 1199 1411 et
1222 1357 1352 1410 thus
1377 1358 1530 1412 ocius
1555 1376 1676 1424 uva,

413 1461 514 1498 nec
539 1443 716 1499 vicina
740 1441 946 1507 subest,
976 1442 1163 1495 vinum
1188 1443 1446 1511 praebere
1470 1444 1697 1497 taberna

316 1534 380 1580 25
417 1546 557 1599 quae
582 1529 757 1598 possit
780 1528 900 1592 tibi,
928 1545 1029 1581 nec
1052 1527 1309 1580 meretrix
1336 1528 1581 1593 tibicina,
1616 1530 1771 1582 cuius
1798 1570 1807 1571 ff

416 1615 485 1667 ad
510 1614 799 1685 strepitum
824 1612 984 1666 salias
1009 1619 1184 1665 terrae
1209 1613 1409 1682 gravis.
1449 1620 1505 1666 et
1528 1621 1708 1668 tamen
1736 1633 1897 1685 urges

417 1699 735 1768 iampridem
762 1716 872 1752 non
899 1705 1043 1752 tacta
1067 1698 1346 1768 ligonibus
1371 1716 1516 1764 arva,
1545 1699 1847 1770 bovemque

418 1783 751 1835 disiunctum
779 1799 933 1835 curas
960 1790 1016 1836 et
1039 1783 1241 1836 strictis
1264 1784 1553 1837 frondibus
1578 1785 1782 1855 exples.

419 1867 575 1922 addit
598 1884 735 1936 opus
761 1867 917 1937 pigro
942 1867 1109 1932 rivuS,
1141 1868 1187 1920 si
1214 1867 1426 1935 decidit,
1442 1868 1632 1933 imber,

318 1961 380 2007 30
419 1953 593 2007 multa
615 1951 757 2007 mole
782 1952 1059 2007 docendus
1084 1952 1267 2022 aprico
1291 1970 1511 2023 parcere
1535 1963 1710 2024 prato.

414 2039 470 2092 N
472 2054 578 2091 unc
603 2053 723 2105 age,
755 2036 887 2106 quid
912 2044 1159 2091 nostrum
1185 2046 1509 2092 concentum
1535 2040 1761 2104 dividat,
1792 2041 1941 2095 audi.

421 2141 581 2195 quem
606 2129 801 2175 tenues
827 2121 1056 2175 decuere
1080 2131 1242 2193 togae
1269 2124 1540 2194 nitidique
1564 2126 1764 2196 capilli,

418 2225 580 2279 quem
606 2207 712 2260 scis
735 2206 1029 2260 immunem
1056 2207 1283 2262 Cinarae
1307 2209 1575 2279 placuisse
1599 2213 1797 2281 rapaci,

420 2311 581 2366 quem
604 2293 855 2346 bibulum
879 2292 1076 2363 liquidi
1101 2293 1281 2346 media
1305 2295 1373 2347 de
1399 2294 1522 2349 luce
1547 2296 1782 2362 Falerni,

320 2389 382 2434 35
420 2397 584 2435 coena
610 2379 789 2433 brevis
813 2380 967 2433 iuvat
990 2386 1046 2432 et
1070 2397 1238 2449 prope
1260 2380 1438 2433 rivum
1465 2398 1688 2436 somnus
1713 2383 1769 2436 in
1795 2383 1993 2446 herba3

418 2484 519 2520 nec
543 2465 739 2519 lusisse
761 2465 951 2536 pudet,
982 2465 1077 2518 sed
1101 2482 1213 2517 non
1239 2464 1478 2519 incidere
1503 2466 1715 2523 ludum.

417 2570 528 2605 non
554 2552 677 2605 istic
705 2551 928 2621 obliquo
954 2551 1113 2603 oculo
1137 2568 1259 2603 mea
1283 2552 1565 2605 commoda
1591 2553 1877 2623 quisquam

420 2638 592 2701 limat,
622 2655 732 2689 non
760 2637 886 2689 odio
913 2635 1144 2689 obscuro
1172 2654 1466 2707 morsuque
1490 2646 1750 2704 venenat3

417 2721 603 2776 rident
625 2721 791 2775 vicini
816 2721 1002 2791 glebas
1028 2728 1084 2774 et
1108 2738 1239 2775 saxa
1262 2730 1592 2777 moventem.

318 2813 386 2858 40
423 2807 561 2860 Cum
586 2807 753 2861 servis
779 2806 987 2859 urbana
1011 2806 1183 2860 diaria
1204 2808 1397 2860 rodere
1421 2808 1610 2873 mavis,

418 2893 618 2945 horum
642 2897 706 2944 tu
729 2891 788 2943 in
811 2908 1098 2945 numerum
1126 2900 1253 2945 voto
1276 2891 1409 2945 ruis.
1447 2893 1658 2947 invidet
1681 2912 1840 2948 usum

420 2976 698 3047 lignorum
722 2983 779 3029 et
802 2978 1012 3047 pecoris
1036 2977 1139 3030 tibi
1164 2977 1282 3030 calo
1306 2985 1537 3048 argutus
1560 2987 1618 3033 et
1640 2979 1806 3035 horti.

423 3068 577 3131 optat
600 3062 857 3132 ephippia
879 3062 979 3116 bos
1003 3063 1176 3133 piger,
1207 3069 1362 3133 optat
1385 3080 1535 3116 arare
1560 3065 1832 3131 caballus;

422 3162 585 3215 quam
610 3145 713 3199 scit
735 3152 965 3216 uterque
989 3147 1164 3200 libens
1189 3147 1422 3201 censebo
1447 3156 1696 3204 exerceat
1718 3158 1910 3205 artem.

426 3272 462 3316 1.
504 3270 565 3315 19
602 3285 688 3330 qua
713 3293 781 3302 -
804 3278 939 3316 tesca.
1014 3270 1074 3315 21
1115 3281 1267 3331 pules3
1292 3288 1439 3319 vocas.
1514 3275 1579 3320 25
1614 3285 1779 3335 posset.
1853 3276 1917 3321 28
1955 3278 2201 3323 deiuuclum
2221 3300 2290 3310 —

286 3339 457 3398 imples.
530 3336 595 3383 30
620 3339 860 3384 ducendus.
934 3337 996 3382 34
1024 3341 1079 3384 de
1105 3349 1247 3387 nocte.
1321 3340 1408 3394 (40
1437 3351 1482 3387 tu
1507 3345 1713 3399 urbana.)
1784 3343 1849 3389 43
1877 3345 1974 3401 bos,
2000 3349 2128 3405 piger
2150 3353 2289 3405 optat.

408 3406 465 3451 ΙΙ.
507 3406 567 3449 17
606 3408 803 3465 negocia.
877 3404 940 3449 23
978 3409 1106 3452 otius.
1183 3406 1243 3452 31
1282 3411 1398 3455 Non.
1473 3408 1536 3456 33
1574 3427 1781 3472 cynarae.
