2667 3809
363 288 429 338 62

401 704 463 751 20

402 1133 465 1180 25

402 1567 465 1613 30

404 1997 466 2043 35

403 2426 468 2471 40

402 2854 468 2903 45

1116 299 1455 342 summm
1479 288 1526 353 Ι,
1555 292 1608 342 ὃ.

498 441 593 513 qui
617 447 802 512 stupet
824 440 880 495 in
905 441 1080 495 titulis
1105 449 1161 496 et
1182 442 1531 513 imaginibus.
1582 443 1732 502 Quid
1758 449 1972 513 oportet

500 545 601 582 nos
624 527 798 581 facere
822 545 855 581 a
877 528 1044 599 vulgo
1067 528 1229 598 longe
1253 528 1523 599 longeque
1547 531 1823 583 remotos?

500 630 733 683 namque
757 619 892 678 esto,
921 614 1154 685 populus
1177 615 1418 668 Laevino
1442 614 1629 668 mallet
1652 614 1913 668 honorem

503 717 663 770 quam
687 699 858 753 Decio
884 701 1136 754 mandare
1160 717 1321 765 nove,
1353 717 1647 773 censorque
1671 708 1911 754 moveret

501 786 732 858 Appius,
769 786 1006 856 ingenuo
1032 787 1079 839 si
1103 804 1213 839 non
1239 804 1411 840 essem
1435 796 1585 858 patre
1607 793 1802 840 natust

501 873 586 926 vel
611 872 821 938 merito,
851 872 1105 942 quoniam
1129 873 1185 926 in
1209 873 1427 944 propria
1450 890 1560 926 non
1583 872 1724 943 pelle
1750 872 2035 942 quiessem.

505 958 612 1011 Sed
644 958 890 1029 fulgente
913 959 1082 1012 trahit
1105 959 1425 1012 constrictos
1450 958 1622 1029 gloria
1646 977 1806 1012 curru

502 1060 612 1096 non
637 1043 816 1097 minus
840 1043 1056 1115 ignotos
1082 1045 1376 1115 generosis.
1427 1045 1553 1104 Quo
1578 1045 1679 1099 tibi
1696 1084 1710 1110 ‚
1739 1043 1882 1108 Tilli,

504 1146 713 1183 sumere
739 1130 1044 1201 depositum
1069 1131 1278 1184 clavum
1302 1130 1525 1201 fierique
1549 1131 1807 1184 tribuno?

500 1215 705 1269 invidia
728 1217 986 1280 accrevit,
1016 1216 1225 1286 privato
1251 1233 1390 1287 quae
1412 1217 1589 1269 minor
1613 1223 1773 1269 esset.

502 1320 626 1356 nam
652 1310 715 1357 ut
737 1304 967 1374 quisque
990 1303 1212 1356 insanus
1236 1303 1407 1373 nigris
1431 1302 1671 1380 medium
1694 1301 1940 1373 impediit
1964 1318 2085 1354 crus

501 1388 735 1459 pellibus
760 1395 815 1442 et
837 1388 1009 1443 latum
1035 1388 1251 1442 demisit
1273 1396 1491 1459 pectore
1516 1389 1745 1453 clavum,
1829 1399 1832 1406 '

502 1475 656 1529 audit
679 1475 967 1529 continuo:
1008 1475 1174 1545 „quis
1197 1475 1362 1527 homo
1386 1474 1475 1527 hic
1500 1475 1622 1528 est?
1657 1490 1763 1544 quo
1788 1479 1939 1544 patre
1963 1480 2124 1527 natus
2139 1474 2163 1526 P
2181 1478 2219 1504 ‘⁴

502 1569 565 1614 ut
588 1562 634 1615 si
660 1562 753 1633 qui
778 1569 1024 1632 aegrotet
1046 1578 1155 1631 quo
1180 1560 1371 1614 morbo
1395 1561 1612 1624 Barrus,
1642 1559 1830 1613 haberi

505 1655 568 1701 ut
592 1648 775 1718 cupiat
797 1647 1081 1712 formosus,
1112 1653 1198 1699 eat
1221 1663 1562 1716 quacunque,
1591 1646 1787 1717 puellis

502 1734 711 1788 iniiciat
733 1750 915 1787 curam
941 1732 1234 1803 quaerendi
1258 1731 1490 1803 singula,
1521 1732 1669 1802 quali

504 1819 576 1873 sit
598 1819 753 1883 facie,
781 1836 924 1884 sura,
951 1819 1100 1889 quali
1124 1819 1279 1889 pede,
1309 1819 1489 1884 dente,
1521 1818 1747 1890 capillo:

505 1904 581 1958 sic
607 1904 702 1975 qui
724 1904 1019 1974 promittit,
1050 1904 1208 1970 cives,
1237 1904 1427 1959 urbem
1452 1904 1556 1959 sibi
1581 1922 1757 1968 curae,

504 1991 788 2062 imperium
811 1991 926 2044 fore
950 2005 1006 2044 et
1027 1990 1243 2044 Italiam
1268 1999 1323 2044 et
1348 1992 1572 2045 delubra
1595 1992 1837 2055 deorum,

505 2094 614 2147 quo
639 2083 790 2148 patre
815 2076 887 2130 sit
909 2085 1085 2142 natus,
1115 2094 1246 2130 num
1272 2077 1462 2147 ignota
1486 2085 1654 2131 matre
1678 2077 2016 2141 inhonestuS,

505 2180 689 2216 omnes
713 2163 966 2216 mortales
992 2181 1177 2216 curare
1203 2171 1258 2216 et
1282 2180 1536 2235 quaerere
1553 2163 1728 2244 pogit.
1758 2193 1825 2203 —

505 2251 658 2302 Tune
682 2247 830 2319 Syri,
860 2249 1066 2302 Damae
1089 2255 1184 2302 aut
1207 2250 1439 2321 Dionysi
1461 2249 1623 2314 filius,
1652 2250 1820 2322 audes

505 2335 733 2390 deiicere
757 2352 786 2388 e
811 2352 941 2388 saxo
965 2335 1107 2389 cives
1131 2344 1226 2390 aut
1249 2336 1461 2389 tradere
1487 2336 1729 2389 Cadmo?

508 2421 626 2486 „At
649 2420 859 2475 Novius
883 2421 1091 2493 collega
1114 2423 1285 2492 gradu
1311 2430 1437 2493 post
1459 2440 1544 2475 me
1570 2422 1721 2475 sedet
1745 2438 1884 2486 uno;

504 2525 736 2578 namque
761 2515 844 2561 est
867 2508 976 2573 ille,
1008 2516 1159 2579 pater
1184 2509 1331 2579 quod
1356 2515 1469 2561 erat
1492 2513 1711 2561 meus.“
1762 2506 1886 2559 Hoc
1911 2506 2013 2560 tibi
2035 2504 2262 2560 Paullus

507 2601 561 2647 et
584 2593 820 2647 Messala
842 2594 1082 2647 videris?
1117 2600 1174 2646 at
1199 2593 1304 2657 hic,
1334 2593 1381 2647 si
1406 2594 1609 2664 plostra
1633 2593 1866 2646 ducenta

505 2685 932 2750 concurrantque
955 2679 1073 2732 foro
1098 2679 1200 2732 tria
1225 2679 1432 2744 funera,
1463 2696 1660 2749 magna
1684 2678 1900 2732 sonabit

505 2781 706 2819 cornua
729 2766 878 2835 quod
902 2765 1188 2834 vincatque
1210 2764 1400 2829 tubas3
1442 2764 1632 2819 saltem
1657 2771 1808 2819 tenet
1831 2765 1934 2819 hoc
1959 2780 2075 2816 nos.
2104 2792 2174 2801 —

504 2851 666 2905 Nunc
689 2851 759 2903 ad
783 2868 869 2904 me
892 2851 1054 2905 redeo
1078 2851 1330 2905 libertino
1355 2860 1507 2922 patre
1531 2859 1738 2917 natum,

505 2953 666 3006 quem
689 2936 892 2991 rodunt
916 2955 1101 2991 omnes
1124 2938 1379 2992 libertino
1404 2944 1554 3009 patre
1579 2946 1785 3002 natum,

506 3039 651 3075 nunc
675 3021 803 3091 quia
827 3040 946 3077 sum
970 3023 1068 3077 tibi
1085 3064 1099 3090 ‚
1130 3024 1435 3090 Maecenas,
1466 3024 1759 3088 convictor,
1790 3028 1845 3076 at
1870 3022 2017 3086 olim,

503 3108 652 3178 quod
675 3108 809 3161 mihi
833 3117 1041 3179 pareret
1068 3110 1213 3181 legio
1237 3111 1486 3163 Romana
1508 3110 1748 3164 tribuno,

506 3193 784 3248 Dissimile
808 3195 911 3248 hoc
936 3195 1017 3249 illi
1042 3203 1125 3250 est
1140 3235 1154 3261 ,
1184 3196 1312 3267 quia
1337 3213 1447 3249 non
1462 3236 1476 3262 ‚
1506 3202 1569 3249 ut
1591 3194 1748 3249 forsit
1772 3194 2033 3248 honorem

512 3319 572 3365 18
609 3323 741 3380 longe
764 3323 953 3381 lateque.
1038 3320 1102 3366 24
1137 3323 1273 3368 Tulli.
1361 3320 1423 3367 25
1462 3322 1694 3369 tribunum.
1781 3317 1842 3367 27
1883 3324 2098 3383 impediet.
2173 3320 2237 3367 29
2276 3322 2371 3380 hio,

366 3397 414 3436 et
437 3405 549 3449 qu03
577 3390 663 3447 hie,
690 3399 765 3437 aut
787 3407 889 3451 quo.
984 3389 1045 3435 31
1085 3399 1129 3437 et
1153 3393 1312 3450 cupiat.
1399 3389 1461 3436 35
1502 3393 1683 3447 ltaliam,
1712 3391 1910 3437 delubra.
1994 3390 2057 3436 39
2096 3392 2269 3438 deicere
2293 3392 2368 3437 de.

371 3458 434 3503 41
476 3459 651 3506 Paulus.
723 3458 787 3503 47
826 3464 925 3520 quia
951 3464 1046 3507 sim.
1117 3458 1183 3504 49
1222 3461 1391 3505 forsan.
