2667 3809
334 259 434 310 108
1076 266 1413 307 sumansu
1437 252 1513 318 II,
1543 255 1594 305 3.

471 410 516 463 si
538 409 678 483 male
700 426 813 462 rem
837 425 1021 479 gerere
1044 407 1222 460 insani
1246 414 1330 461 est
1344 446 1357 472 ,
1387 412 1575 460 contra
1599 406 1753 471 bene,
1784 405 1901 459 sani
1922 426 1935 460 ε

360 504 398 547 -7
407 504 434 547 5
471 495 716 566 putidius
738 494 910 547 multo
936 494 1212 546 cerebrum
1237 500 1347 559 est,
1375 493 1510 546 mihi
1535 491 1709 556 crede,
1739 492 1925 546 Perilli

469 582 739 646 dictantiS,
769 580 916 650 quod
940 586 1001 633 tu
1025 596 1302 649 nunquam
1323 577 1616 632 rescribere
1639 578 1834 648 possis.

467 667 676 720 Audire
698 673 861 736 atque
885 673 1068 736 togam
1092 665 1255 718 iubeo
1280 681 1618 735 componere,
1647 662 1891 734 quisquis

465 751 758 805 ambitione
781 751 923 804 mala
944 757 1042 804 aut
1065 750 1276 821 argenti
1299 749 1469 820 pallet
1490 767 1696 814 amore3

466 837 712 908 quisquis
735 835 952 890 luxuria
972 835 1183 889 tristive
1208 836 1593 907 superstitione

363 931 427 976 80
465 931 561 977 aut
583 923 689 976 alio
713 922 911 975 mentis
933 921 1122 974 morbo
1147 923 1301 976 calet.
1342 923 1449 976 huc
1472 922 1695 992 propius
1716 939 1821 985 me,

464 1011 594 1062 dum
619 1008 786 1062 doceo
809 1008 1044 1061 insanire
1069 1025 1256 1062 omnes
1278 1027 1392 1074 vos,
1422 1008 1610 1062 ordine
1634 1007 1797 1061 adite.

462 1095 660 1148 Danda
684 1081 768 1147 est
789 1094 1012 1148 ellebori
1034 1094 1207 1148 multo
1231 1111 1354 1165 pars
1377 1095 1612 1148 maxima
1634 1093 1838 1158 avaris;

462 1181 643 1234 nescio
668 1197 737 1233 an
761 1180 1075 1250 Anticyram
1099 1180 1237 1233 ratio
1261 1180 1371 1233 iuis
1396 1179 1630 1233 destinet
1654 1196 1885 1232 omnem.

461 1268 686 1321 heredes
711 1265 921 1319 Staberi
944 1283 1207 1319 summam
1230 1266 1467 1319 incidere
1492 1265 1769 1335 sepulcr03

359 1360 424 1405 85
461 1352 519 1405 ni
543 1351 620 1405 sic
643 1352 923 1416 fecissent,
953 1352 1312 1422 gladiatorum
1339 1353 1464 1404 dare
1489 1359 1706 1404 centum

461 1436 698 1489 damnati
723 1438 925 1507 populo
948 1438 1096 1508 paria
1119 1445 1282 1508 atque
1307 1437 1527 1508 epulum
1551 1436 1773 1489 arbitrio
1796 1436 1954 1500 Arri3

461 1522 722 1576 frumenti
746 1531 1006 1593 quantum
1030 1523 1188 1577 metit
1209 1522 1412 1587 Africa.
1465 1523 1634 1587 „Sive
1659 1538 1760 1592 ego
1785 1538 1947 1591 prave

459 1627 554 1662 seu
576 1617 720 1663 recte
746 1610 848 1662 hoc
860 1608 1046 1673 volui,
1072 1626 1145 1662 ne
1169 1608 1243 1661 sis
1267 1616 1492 1679 patruus
1516 1608 1679 1662 mihi!
1701 1614 1738 1640 “
1776 1607 1935 1661 credo

461 1695 561 1747 hoc
589 1694 799 1748 Staberi
821 1694 1141 1765 prudentem
1165 1694 1405 1747 animum
1429 1694 1645 1747 vidisse.
1685 1693 1817 1763 quid
1841 1710 1971 1763 ergo

353 1787 420 1831 90
459 1780 652 1844 sensit,
684 1797 806 1833 cum
830 1796 1091 1832 summam
1112 1778 1404 1848 patrimoni
1426 1779 1728 1848 insculpere
1752 1795 1883 1832 saxo

456 1865 680 1918 heredes
705 1865 919 1918 voluit?
956 1865 1135 1935 quoad
1159 1863 1325 1928 vixit,
1356 1865 1587 1918 credidit
1608 1864 1802 1935 ingens

455 1950 765 2021 pauperiem
787 1949 983 2004 vitium
1005 1958 1061 2003 et
1085 1949 1233 2003 cavit
1248 1948 1386 2004 nihil
1410 1950 1603 2015 acrius,
1620 1959 1697 2011 ,ut
1720 1951 1766 2002 si

453 2037 593 2089 forte
615 2035 794 2089 minus
817 2035 1059 2105 locuples
1083 2053 1194 2089 uno
1219 2036 1517 2106 quadrante
1541 2035 1785 2106 perisset,

454 2121 569 2192 ipse
593 2121 866 2176 videretur
890 2123 994 2177 sibi
1018 2123 1263 2193 nequior.
1302 2122 1475 2175 omnis
1502 2122 1645 2176 enim
1668 2128 1769 2187 res‘,

349 2212 418 2258 95
454 2208 644 2272 virtus,
677 2207 836 2273 fama,
867 2208 1049 2272 decus,
1079 2209 1263 2262 divina
1284 2210 1627 2278 humanaque
1651 2206 1890 2276 pulchris

455 2291 657 2346 divitiis
681 2301 901 2363 parent;
941 2312 1074 2365 quas
1099 2294 1194 2364 qui
1219 2294 1607 2358 construxerit,
1637 2293 1730 2346 ille

453 2377 627 2432 clarus
653 2378 781 2442 erit,
809 2379 982 2443 fortis,
1010 2379 1208 2433 iustus.
1246 2378 1569 2448 sapiensne?
1605 2379 1784 2443 etiam,
1814 2385 1869 2432 et
1888 2395 1985 2432 rex

452 2471 508 2518 et
531 2464 796 2536 quidquid
820 2464 983 2519 volet.
1035 2465 1157 2531 hoc,
1186 2464 1359 2519 veluti
1381 2463 1582 2518 virtute
1605 2471 1870 2534 paratum,

451 2550 684 2621 speravit
707 2569 935 2621 magnae
958 2551 1108 2605 laudi
1130 2552 1263 2605 fore.
1317 2549 1451 2620 quid
1473 2550 1648 2603 simile
1672 2549 1765 2604 isti

318 2642 414 2688 100
455 2635 690 2690 Graecus
714 2637 1043 2708 Aristippus,
1074 2635 1169 2706 qui
1193 2652 1375 2690 servos
1399 2635 1659 2705 proficere
1680 2654 1873 2690 aurum

447 2722 505 2775 in
528 2723 707 2775 media
728 2724 888 2777 iussit
911 2723 1100 2793 Libya,
1133 2723 1260 2794 quia
1280 2723 1490 2776 tardius
1513 2722 1658 2775 irent

448 2816 667 2878 propter
690 2826 828 2862 onus
853 2826 1064 2878 segnes.
1117 2817 1238 2862 uter
1260 2815 1346 2865 ¹est
1369 2807 1608 2861 insanior
1631 2808 1864 2862 horum?

444 2893 540 2946 Nil
564 2894 680 2967 agit
703 2893 1027 2963 exemplum,
1056 2895 1207 2947 litem
1232 2894 1381 2964 quod
1404 2894 1500 2947 lite
1522 2893 1764 2947 resolvit.

444 2978 493 3031 si
517 2978 637 3047 quis
663 2986 805 3031 emat
827 2978 1075 3045 citharas,
1105 2987 1311 3050 emptas
1337 2984 1636 3049 comportet
1655 2978 1716 3032 in
1737 2996 1928 3045 unum,

315 3068 408 3115 1⁰5
446 3080 544 3115 nec
567 3064 751 3117 studio
775 3065 1011 3117 citharae
1035 3081 1134 3119 nee
1159 3065 1353 3119 Musae
1377 3064 1593 3118 deditus
1618 3064 1746 3130 ulli;

445 3149 490 3201 si
515 3148 721 3219 scalpra
745 3156 800 3201 et
822 3149 1020 3202 formas
1044 3166 1154 3203 non
1179 3158 1367 3216 sutor-3
1406 3149 1623 3203 nautica
1646 3149 1767 3204 vela

447 3342 508 3386 74
544 3345 702 3400 insani,
729 3351 881 3389 contra
902 3344 1014 3388 bene
1038 3346 1132 3389 sani
1157 3352 1241 3390 est.
1330 3344 1390 3389 81
1430 3359 1593 3401 omues,
1616 3359 1694 3390 vos
1719 3346 1886 3392 ordine.
1958 3343 2045 3400 (86
2082 3346 2187 3391 Arri
2210 3345 2296 3399 et.)

308 3409 396 3463 (89
432 3414 638 3469 iussisse3
667 3412 892 3465 voluisse.)
969 3410 1031 3456 93
1068 3414 1246 3471 periret.
1320 3412 1385 3458 96
1423 3416 1705 3459 contraxerit.
