2667 3809
353 267 453 319 198
1056 273 1474 320 uns-romaum
1500 267 1546 331 I,
1582 269 1663 319 11.

495 420 542 472 si
565 420 705 490 pede
727 420 900 473 maior
924 420 1043 485 erit,
1074 420 1370 486 subvertet,
1400 420 1448 473 si
1471 420 1666 485 minor,
1698 426 1836 473 uret.

493 505 698 560 Laetus
723 512 869 559 sorte
895 512 991 559 tua
1013 506 1163 559 vives
1188 506 1477 576 sapienter,
1513 506 1704 571 Aristi,

389 598 455 642 45
494 609 594 644 nec
618 609 704 644 me
730 591 972 645 dimittes
997 590 1403 661 incastigatum,
1433 591 1529 643 ubi
1552 590 1713 661 plura

495 690 690 747 cogere
716 695 879 748 quam
904 677 1034 730 satis
1060 682 1161 740 est,
1191 693 1254 730 ac
1282 694 1393 730 non
1419 693 1626 730 cessare
1651 675 1895 730 videbor.

494 763 726 834 imperat
748 770 845 816 aut
867 762 1036 816 servit
1060 760 1288 814 collecta
1311 762 1546 830 pecunia
1569 761 1785 832 cuique,

493 855 701 902 tortum
725 847 894 917 digna
920 847 1074 917 sequi
1098 846 1282 917 potius
1308 864 1472 917 quam
1496 848 1695 900 ducere
1720 847 1928 901 funem.
1956 879 2024 889 —-

494 934 650 988 Haec
674 933 777 987 tibi
802 933 1072 986 dictabam
1096 938 1223 1002 post
1247 933 1434 985 fanum
1458 939 1618 1003 putre
1644 933 1916 998 Vacunae,

393 1026 459 1072 50
499 1027 728 1090 excepto
753 1019 903 1089 quod
926 1035 1038 1070 non
1063 1017 1226 1070 simul
1251 1034 1412 1081 esseS,
1447 1024 1626 1071 cetera
1647 1017 1842 1072 laetus.

1197 1193 1528 1200 ——.—-

1293 1327 1427 1390 XI.

1111 1480 1218 1532 (Aa
1245 1478 1620 1530 nun-tuum.)

499 1604 649 1663 Quid
675 1603 778 1656 tibi
802 1603 919 1657 visa
943 1602 1127 1668 Chios,
1156 1602 1383 1666 Bullati‚
1413 1608 1652 1672 notaque
1676 1600 1903 1663 Lesbos,

497 1689 629 1760 quid
655 1690 921 1742 concinna
946 1688 1152 1753 Samos,
1184 1688 1318 1758 quid
1345 1688 1529 1741 Croesi
1554 1686 1707 1756 regia
1733 1685 1935 1755 Sardis,

500 1774 731 1844 Smyrna
754 1773 887 1844 quid
912 1780 968 1826 et
994 1773 1316 1843 Colophon?
1356 1772 1562 1825 maiora
1584 1771 1865 1824 minorane
1891 1771 2069 1823 fama?

496 1864 763 1911 cunctane
789 1875 916 1928 prae
942 1874 1131 1927 campo
1157 1864 1213 1910 et
1235 1856 1492 1910 Tiberino
1516 1856 1740 1913 flumine
1765 1856 2025 1909 sordent?

434 1951 462 1994 5
502 1961 571 1996 an
596 1943 748 1997 venit
771 1943 828 1996 in
854 1950 1043 1997 votum
1068 1943 1323 1996 Attalicis
1349 1961 1417 1997 ex
1444 1942 1671 1997 urbibus
1697 1942 1844 1995 una?

501 2046 571 2081 an
595 2029 878 2082 Lebedum
902 2029 1096 2082 laudas
1121 2029 1249 2082 odio
1274 2030 1439 2082 maris
1463 2036 1629 2098 atque
1653 2026 1900 2080 viarum?

501 2115 606 2168 scis
630 2115 885 2168 Lebedus
911 2115 1045 2186 quid
1074 2115 1175 2168 site
1218 2114 1407 2168 Gabiis
1432 2113 1695 2167 desertior
1721 2119 1885 2182 atque

501 2199 727 2252 Fidenis
754 2200 934 2265 vicus3
975 2206 1158 2252 tamen
1184 2199 1297 2252 illic
1321 2199 1504 2252 vivere
1529 2198 1725 2252 vellem

501 2285 814 2356 oblitusque
838 2302 1081 2338 meorum
1106 2283 1511 2337 obliviscendus
1538 2290 1594 2337 et
1617 2283 1726 2337 illis

402 2378 465 2424 10
500 2370 821 2442 Neptunum
846 2371 1038 2441 procul
1064 2388 1093 2422 e
1118 2376 1264 2422 terra
1288 2376 1531 2439 spectare
1556 2370 1844 2422 furentem.

502 2459 599 2512 sed
622 2475 800 2528 neque
826 2457 922 2527 qui
948 2456 1134 2525 Capua
1157 2455 1390 2508 Romam
1416 2455 1571 2525 petit,
1601 2455 1773 2509 imbre
1798 2455 2025 2523 lutoque

499 2543 790 2613 adspersus
815 2542 964 2595 volet
992 2541 1049 2593 in
1077 2557 1325 2610 caupona
1349 2540 1557 2605 vivere;
1596 2557 1697 2593 nec
1723 2540 1818 2611 qui

500 2628 674 2698 frigus
705 2627 947 2698 collegit,
977 2627 1165 2680 furnos
1190 2633 1247 2679 et
1268 2625 1466 2678 balnea
1488 2626 1681 2678 laudat

501 2718 565 2765 ut
587 2714 919 2767 fortunatam
944 2713 1105 2782 plene
1131 2711 1464 2782 praestantia
1487 2711 1684 2776 vitam;

404 2803 464 2848 15
503 2814 623 2862 nec,
654 2798 701 2849 si
725 2803 780 2849 te
805 2796 1018 2849 validus
1042 2795 1325 2849 iactaverit
1349 2801 1533 2848 auster
1557 2796 1615 2848 in
1640 2797 1772 2862 alto,

502 2941 538 2986 1.
576 2937 641 2983 43
680 2947 824 2997 urget.
896 2937 962 2983 44
989 2941 1127 2986 vivas.
1200 2938 1284 2992 (47
1323 2940 1522 2998 imperat,
1549 2939 1701 2994 haud.)
1747 2964 1802 2972 ·-
1843 2941 1925 2986 ΧΙ.
1964 2938 1992 2984 3
2020 2941 2270 2996 minorave;
2297 2941 2381 2984 mi-

359 3022 575 3067 noraque.
660 3005 691 3050 4
728 3016 993 3066 cunctaque.
1081 3009 1109 3052 7
1148 3009 1264 3067 quod
1290 3011 1372 3065 ⁸5²3
1401 3023 1527 3067 quam
1554 3013 1612 3054 sit
1636 3009 1799 3055 Gabiis.
1898 3007 1926 3052 8
1960 3010 2074 3053 vicis
2102 3031 2160 3040 —
2187 3009 2376 3054 mallem.

360 3074 391 3120 9
428 3078 482 3121 ab
509 3077 616 3122 illis.
691 3075 752 3120 10
790 3091 874 3133 (τις
901 3092 944 3122 a.

481 3145 541 3191 11.
577 3142 642 3187 43
681 3153 828 3202 urget.
867 3167 933 3177 -
999 3146 1076 3190 ΧΙ.
1112 3146 1190 3190 Ad
1228 3145 1564 3191 Bullatium
1601 3147 1784 3203 epist.
1827 3145 1906 3189 11.
1944 3167 2013 3177 —
2072 3143 2099 3188 3
2139 3147 2377 3189 minorave.

361 3210 394 3254 4
431 3219 587 3257 cuncta
611 3227 668 3258 ne
693 3235 758 3245 —
781 3213 1021 3270 Tyberino.
1094 3213 1125 3257 5
1162 3214 1361 3258 Atalicis.
1438 3213 1464 3256 7
1503 3228 1628 3272 quam
1656 3215 1729 3259 sit.
1805 3211 1832 3257 8
1859 3215 1984 3259 vicis.
2062 3212 2123 3257 12
2151 3225 2379 3271 aspersus.

366 3278 426 3323 15
465 3289 615 3325 auster
643 3283 885 3325 iactaverit.

454 3349 532 3393 11¹.
568 3350 648 3393 Ad
684 3349 1029 3395 Bullatium.
1059 3369 1121 3379 —
1164 3347 1187 3390 1
1229 3350 1350 3404 Quit.
1437 3348 1465 3392 2
1507 3351 1676 3395 sardes.
1764 3348 1792 3394 3
1829 3352 2021 3408 Zmyrna
2050 3372 2116 3385 —-
2141 3351 2381 3394 minorave.

359 3413 390 3457 4
429 3416 696 3476 Cunctaque.
773 3414 835 3459 10
873 3430 930 3460 ex
966 3423 1100 3459 terra.
1177 3414 1237 3458 12
1274 3418 1513 3476 Aspersus.
