2667 3809
379 210 388 222 ,
411 255 477 309 82
1141 263 1482 307 summm
1505 249 1552 316 1,
1580 253 1663 303 10.

547 406 875 461 defendente
898 405 1072 460 vicem
1096 405 1259 458 modo
1282 403 1520 457 rhetoris
1542 411 1707 475 atque
1731 413 1942 474 poetae,
2015 450 2030 467 n,

548 492 824 547 interdum
849 489 1061 556 urbani,
1090 491 1361 561 parcentis
1385 490 1593 545 viribus
1616 499 1795 562 atque·

547 577 894 633 extenuantis
919 595 1009 630 eas
1034 576 1304 631 consulto.
1353 577 1648 631 ridiculum
1671 577 1783 631 aori

450 673 511 719 15
547 664 744 719 fortius
769 668 829 717 et
847 662 1041 719 melius
1064 681 1290 734 magnas
1315 662 1635 733 plerumque
1658 670 1806 716 secat
1827 680 1933 716 res.

484 816 489 819 Α
546 749 640 804 Illi
662 749 865 819 scripta
889 747 1088 819 quibus
1112 748 1393 801 comoedia
1414 748 1591 819 prisea
1613 747 1743 803 viris
1767 756 1868 815 est,

545 836 652 890 hoe
676 835 911 899 stabant,
940 834 1043 888 hoc
1062 841 1201 887 sunt
1223 833 1492 898 imitandi,
1523 851 1664 905 quos
1684 850 1861 903 neque
1884 832 2114 903 pulcher
2191 882 2196 891 .

546 921 925 991 Hermogenes
949 937 1189 990 unquam
1212 920 1365 990 legit,
1394 937 1571 990 neque
1597 918 1786 972 simius
1810 918 1933 984 iste,

545 1008 627 1063 nil
649 1014 860 1078 praeter
885 1005 1110 1060 Calvum
1133 1013 1188 1059 et
1213 1006 1408 1059 doctus
1433 1013 1649 1059 cantare
1676 1005 1971 1059 Catullum.
1997 1036 2066 1044 —

446 1099 509 1145 20
550 1093 672 1160 „At
694 1109 955 1163 magnum
978 1091 1125 1156 feeit,
1156 1091 1305 1162 quod
1330 1091 1514 1145 verbis
1534 1091 1740 1145 Graeca
1763 1093 1976 1146 Latinis

545 1179 853 1232 miscuit..“
884 1208 945 1219 —
970 1178 1018 1231 Ο
1046 1178 1151 1231 seri
1174 1179 1498 1244 studiorum,
1530 1179 1695 1249 quine
1717 1178 1923 1249 putetis

546 1265 769 1319 difficile
792 1271 849 1318 et
869 1264 1084 1329 mirum,
1113 1258 1334 1317 Rhodio
1362 1264 1510 1334 quod
1532 1263 1871 1317 Pitholeonti

544 1350 812 1421 contigit?
838 1380 906 1390 --
932 1351 1052 1415 „At
1072 1368 1246 1403 sermo
1271 1349 1465 1420 lingua
1490 1351 1788 1403 concinnus
1812 1358 2043 1420 utraque

543 1436 777 1501 suavior,
808 1444 871 1489 ut
895 1436 1030 1490 Chio
1056 1442 1188 1489 nota
1211 1422 1264 1490 si'
1286 1436 1580 1491 commixta
1603 1435 1821 1489 Falerni
1847 1441 1995 1489 est.“

442 1527 505 1575 25
545 1522 682 1576 Cum
705 1538 892 1576 versus
916 1522 1099 1586 facias,
1130 1529 1186 1574 te
1210 1522 1392 1592 ipsum
1416 1514 1721 1591 percontor,
1752 1538 1821 1574 an
1845 1528 1902 1576 et
1926 1538 2049 1574 cum

545 1609 681 1661 dura
703 1608 806 1661 tibi
827 1607 1137 1678 peragenda
1158 1607 1238 1660 rei
1262 1607 1334 1661 sit
1360 1625 1522 1660 eausa
1544 1606 1764 1660 Petilli?

543 1693 751 1747 scilicet
775 1694 979 1748 oblitus
1003 1694 1317 1764 patriaeque
1343 1693 1620 1764 patrisque
1645 1692 1848 1759 Latini,
1881 1756 1886 1765 .

544 1797 668 1832 cum
691 1780 894 1835 Pedius
924 1777 1369 1833 oausas'exsudet
1390 1778 1672 1849 Poplicola
1695 1786 1860 1849 atque

547 1865 830 1930 Corvinus,
859 1866 1049 1935 patriis
1073 1865 1441 1918 intermiscere
1465 1865 1638 1935 petita

444 1956 507 2003 30
543 1950 709 2006 verba
731 1950 862 2004 foris
886 1950 1060 2016 malis,
1091 1950 1351 2006 Canusini
1374 1969 1523 2007 more
1545 1949 1850 2020 bilinguis?

545 2030 710 2106 atque
735 2052 837 2107 ego
863 2030 987 2089 cum
1013 2036 1246 2090 Graecos
1270 2037 1506 2119 saperem
1526 2045 1688 2090 natus
1712 2026 2024 2090 mare'citra

544 2121 857 2188 versicuIOS,
886 2122 1063 2176 vetuit
1085 2141 1171 2176 me
1193 2123 1289 2177 tali
1314 2141 1445 2178 voce
1471 2122 1735 2183 Quirinus

543 2217 670 2278 post
693 2208 926 2261 mediam
950 2216 1165 2262 noctem
1191 2209 1359 2275 visne„
1390 2227 1514 2263 eum
1538 2209 1748 2262 somnia
1772 2225 1925 2263 vera:

543 2294 644 2361 „in
669 2292 859 2348 silvam
883 2312 993 2347 non
1016 2294 1167 2364 lig-na
1190 2294 1330 2348 feras
1356 2295 1618 2359 insanius,
1645 2311 1709 2347 ac
1735 2294 1782 2347 si

443 2386 506 2434 35
542 2398 767 2451 magnas
795 2378 1125 2435 Graecorum
1148 2380 1305 2434 malis
1329 2380 1554 2450 implere
1580 2386 1887 2434 catervae.“

539 2466 811 2538 Turgidus
833 2467 1069 2538 Alpinus
1094 2466 1309 2537 iugulat
1333 2466 1464 2519 dum
1489 2466 1804 2532 Memnona,
1834 2467 2072 2536 dumque

541 2553 770 2625 defingit
791 2553 975 2607 Rheni
998 2553 1210 2607 luteum
1235 2558 1416 2622 caput,
1445 2551 1578 2605 haec
1602 2568 1706 2623 ego
1728 2551 1879 2617 ludo,

539 2658 678 2711 quae
701 2657 877 2710 neque
902 2639 962 2693 in
985 2639 1118 2692 aede
1143 2645 1347 2691 sonent
1364 2637 1626 2709 certantia
1648 2637 1828 2693 iudice
1853 2638 2044 2709 Tarpa,

538 2744 638 2780 nee
661 2726 889 2785 redeant
911 2724 1109 2778 iterum
1132 2731 1295 2795 atque
1320 2722 1520 2777 iterum
1545 2724 1841 2794 spectanda
1862 2723 2110 2797 theatris.

438 2817 503 2863 40
541 2817 741 2881 arguta
759 2810 1039 2864 meretrice
1063 2817 1221 2881 potes
1243 2810 1511 2881 Davoque
1536 2810 1824 2864 Chremeta
1897 2873 1912 2881 ᾖ

539 2895 792 2950 eludente
818 2913 1001 2950 senem
1025 2896 1193 2950 comis
1216 2898 1421 2967 garrire
1445 2895 1661 2949 libellos

534 3000 678 3039 unus
702 2982 965 3047 vivorum,
996 2982 1277 3047 Fundani;
1317 2982 1495 3036 Pollio
1520 2999 1713 3052 regum

537 3068 680 3122 faeta
703 3068 849 3121 canit
871 3067 1010 3139 pede
1035 3074 1118 3121 ter
1142 3085 1426 3137 pereuss03
1467 3069 1606 3121 forte
1632 3085 1762 3140 epos
1787 3066 1915 3122 aeer‘

538 3163 602 3209 ut
622 3170 783 3209 nemo
806 3152 1002 3206 Varius
1028 3153 1211 3219 ducit3
1251 3154 1415 3208 molle
1440 3161 1604 3226 atque
1629 3153 1866 3209 facetum·

543 3297 601 3344 13
638 3299 825 3346 urbane.
905 3295 966 3341 21
1007 3299 1192 3358 quidne3
1220 3299 1374 3358 quidve
1399 3322 1468 3334 -—
1491 3304 1669 3359 putatia.
1745 3296 1830 3353 (27
1869 3300 2066 3354 oblitos.)
2128 3297 2205 3344 -27
2237 3301 2400 3360 patris-

398 3383 498 3428 que,
525 3370 696 3415 Latine.
792 3364 856 3411 28
893 3368 1078 3412 exsudat
1100 3389 1170 3398 —-
1194 3367 1439 3417 Publicola.
1536 3366 1596 3413 31
1637 3372 1773 3428 atqui.
1882 3367 1945 3414 37
1984 3369 2191 3428 diffingit3
2218 3369 2396 3428 desig-iu

398 3438 626 3497 diffringit.
699 3434 762 3482 38
798 3451 879 3483 nee
903 3459 973 3469 —
995 3443 1168 3481 sonant.
1240 3434 1304 3480 41
1345 3451 1505 3482 eomes.
