2667 3809
368 280 470 332 238
1061 290 1476 332 Errsrommm
1501 278 1579 343 II,
1615 282 1661 332 1.

408 439 468 483 15
505 429 788 483 Praesenti
811 430 915 483 tibi
938 437 1179 484 maturos
1201 430 1468 501 largimur
1490 432 1725 487 honores

505 515 867 585 iurandasque
890 522 1049 568 tuum
1073 533 1170 586 per
1193 533 1393 569 nomen
1417 517 1670 586 ponimus
1693 535 1831 584 aras,

506 602 586 656 nil
610 600 880 655 oriturum
904 600 1054 666 aliaS,
1082 601 1163 654 nil
1188 607 1368 654 ortum
1391 602 1776 656 tale'fa'tentes.

505 687 602 740 sed
624 692 754 739 tuus
778 685 868 738 hic
892 686 1147 756 populus,
1177 686 1393 756 sapiens
1418 694 1474 740 et
1497 687 1673 740 iustus
1697 688 1754 740 in
1780 705 1892 741 uno

504 780 559 825 te
583 770 784 824 nostris
810 770 1059 835 ducibus,
1094 777 1150 824 te
1176 770 1355 824 Graiis
1380 771 1749 838 anteferend0‚

404 863 467 909 20
505 863 683 909 cetera
706 872 1049 925 nequaquam
1074 855 1238 909 simili
1262 856 1474 909 ratione
1498 856 1769 926 modoque

507 941 781 1004 aestimat,
810 946 868 992 et
892 940 997 992 nisi
1022 958 1159 1010 quae
1183 941 1343 994 terris
1369 947 1576 994 semota
1600 941 1821 1012 suisque

506 1024 841 1096 temporibus
867 1026 1124 1079 defuncta
1147 1027 1323 1091 videt,
1353 1026 1565 1083 fastidit
1588 1032 1644 1079 et
1668 1027 1802 1092 odit,

508 1111 585 1164 sic
608 1111 790 1164 fautor
813 1119 1075 1177 veterum,
1104 1119 1169 1166 ut
1192 1111 1408 1166 tabulas
1431 1127 1653 1180 peccare
1677 1119 1941 1177 vetantes,

378 1263 383 1267 .
506 1215 641 1267 quas
664 1197 749 1250 bis
775 1197 1017 1267 quinque
1041 1197 1142 1250 viri
1167 1204 1494 1261 sanxerunt,
1523 1196 1739 1249 foedera
1765 1214 1957 1266 regum

405 1288 467 1333 25
505 1282 592 1335 vel
619 1280 807 1336 Gabiis
831 1282 918 1336 vel
943 1299 1066 1335 cum
1088 1283 1281 1353 rigidis
1306 1289 1538 1352 aequata
1564 1280 1797 1346 Sabinis,

504 1366 825 1437 pontificum
847 1367 1034 1433 libros,
1064 1385 1271 1421 annosa
1293 1367 1574 1421 volumina
1597 1373 1784 1420 vatum

508 1452 723 1506 dictitet
746 1452 962 1505 Albano
987 1453 1177 1507 Musas
1203 1454 1259 1506 in
1284 1459 1471 1505 monte
1495 1452 1724 1506 locutas.

505 1537 577 1602 si,
610 1537 738 1608 quia
763 1536 1092 1591 Graecorum
1117 1544 1247 1591 sunt
1271 1537 1648 1607 antiquissima
1673 1554 1919 1608 quaeque

507 1623 707 1692 scripta
729 1622 817 1676 vel
842 1623 1064 1694 optima,
1093 1623 1330 1677 Romani
1355 1629 1653 1692 pensantur
1677 1621 1864 1674 eadem

406 1712 468 1758 30
506 1708 794 1777 scriptores
818 1710 1043 1773 trutina,
1073 1726 1184 1762 non
1211 1714 1294 1761 est
1319 1708 1468 1778 quod
1492 1707 1665 1760 multa
1689 1706 2005 1776 loquamur:

507 1792 587 1845 nil
611 1794 755 1845 intra
779 1799 863 1845 est
888 1792 1077 1856 oleam,
1109 1793 1189 1847 nil
1212 1803 1367 1846 extra
1392 1800 1475 1846 est
1499 1792 1555 1844 in
1580 1807 1719 1844 nuce
1746 1784 1899 1854 duri3

508 1876 755 1929 venimus
781 1876 850 1928 ad
875 1895 1145 1930 summum
1169 1878 1440 1943 fortunae,
1470 1876 1748 1947 pingimus
1773 1883 1936 1946 atque

505 1960 788 2029 psallimus
813 1967 870 2015 et
892 1961 1162 2015 luctamur
1186 1962 1412 2015 Achivis
1439 1960 1654 2014 doctius
1684 1962 1883 2015 unctis.

508 2046 566 2100 Si
590 2045 815 2099 meliora
835 2046 953 2099 dies
976 2053 1043 2099 ut
1065 2046 1191 2099 vina
1215 2054 1467 2116 poemata
1488 2046 1688 2112 reddit,

405 2137 467 2182 35
506 2131 642 2184 scire
667 2130 847 2195 velim,
878 2132 1079 2185 chartis
1102 2133 1340 2202 pretium
1366 2140 1567 2204 quotus
1592 2137 1810 2202 arroget
1834 2148 2029 2185 annus.

506 2214 736 2285 scriptor
760 2215 958 2270 abhinc
982 2234 1154 2270 annos
1179 2225 1397 2271 centum
1424 2217 1519 2287 qui
1544 2216 1766 2283 decidit,
1795 2217 1938 2270 inter

502 2301 771 2370 perfectos
795 2308 1112 2371 veteresque
1135 2303 1323 2356 referri
1348 2302 1512 2356 debet
1535 2319 1605 2354 an
1629 2302 1772 2355 inter

504 2387 639 2441 viles
663 2393 827 2457 atque
851 2389 1059 2441 novos?
1094 2388 1353 2441 excludat
1373 2388 1554 2458 iurgia
1574 2387 1717 2441 finis.

503 2478 632 2536 „est
654 2479 812 2526 vetus
837 2480 1001 2544 atque
1025 2473 1247 2543 probus,
1278 2478 1498 2527 centum
1522 2473 1619 2543 qui
1641 2472 1853 2543 perficit
1876 2478 2116 2526 annos.“

401 2563 465 2609 40
504 2557 636 2628 quid
660 2558 758 2629 qui
781 2558 1013 2629 deperiit
1031 2558 1211 2611 minor
1234 2575 1346 2610 uno
1370 2575 1555 2611 mense
1578 2557 1666 2611 vel
1691 2575 1851 2623 anno,

502 2643 645 2697 inter
669 2661 807 2714 quos
830 2643 1146 2697 referendus
1171 2644 1316 2697 erit?
1349 2650 1629 2697 veteresne
1650 2651 1840 2714 poetas

500 2745 569 2781 an
594 2745 731 2798 quos
756 2736 813 2782 et
834 2745 1088 2798 praesens
1110 2736 1168 2782 et
1189 2735 1409 2798 postera
1430 2736 1652 2801 respuat
1675 2730 1862 2783 aetas?

503 2814 652 2878 „iste
676 2813 897 2884 quidem
920 2822 1128 2868 veteres
1152 2813 1296 2867 inter
1319 2821 1555 2884 ponetur
1579 2816 1823 2879 honeste,

501 2898 597 2967 qui
620 2898 709 2951 vel
732 2914 917 2952 mense
939 2898 1094 2953 brevi
1116 2899 1204 2953 vel
1227 2905 1348 2952 toto
1374 2906 1457 2953 est
1480 2899 1661 2954 iunior
1683 2905 1896 2955 anno.-“

398 2989 464 3035 45
503 2983 640 3036 Utor
664 2983 925 3052 permisso
950 2984 1261 3054 caudaeque
1286 2985 1427 3055 pilos
1453 2992 1515 3039 ut
1538 2986 1769 3057 equinae

503 3143 538 3186 1.
582 3141 642 3186 16
680 3155 856 3187 numen.
933 3141 993 3186 18
1031 3151 1133 3188 tuus
1159 3144 1257 3189 hoc.
1337 3143 1396 3189 19
1436 3147 1581 3191 Grais.
1651 3145 1717 3192 28
1754 3148 2000 3193 Graiorum.
2075 3142 2138 3189 29
2177 3157 2373 3203 pensen-

365 3218 452 3255 tur.
527 3208 586 3253 31
624 3209 739 3255 olea.
848 3206 910 3252 32
948 3223 1170 3255 summam.
1277 3210 1341 3256 33
1379 3216 1560 3272 scitius3
1588 3215 1762 3261 fortius.
1871 3213 1934 3259 35
1973 3215 2158 3273 pretium
2182 3213 2367 3257 chartis.

367 3277 449 3330 (41
490 3286 721 3322 veteresne
748 3277 1033 3336 probosque.)
1105 3277 1171 3321 42
1211 3282 1407 3339 respuit3
1435 3291 1631 3341 respuet.

480 3345 536 3389 n.
574 3343 639 3388 24
677 3358 867 3390 sanxere
886 3353 946 3390 et.
1020 3344 1084 3391 35
1120 3347 1288 3392 can-this
1312 3352 1523 3408 precium.
1611 3349 1675 3395 36
1711 3351 1765 3396 ab
1789 3351 1909 3395 hine.
1988 3349 2055 3394 41
2095 3357 2268 3396 veteres
2292 3363 2369 3395 ne.

365 3409 429 3455 42
468 3415 652 3472 respuit.
724 3412 789 3456 45
828 3414 1058 3472 promisso.
