2667 3809
411 261 480 313 74
1164 271 1499 314 sumnum
1521 259 1569 325 Ι,
1598 262 1649 314 9.

452 418 514 466 35
553 414 790 467 infernas
813 430 988 466 errare
1013 429 1189 477 canes,
1216 413 1537 483 Lunamque
1557 413 1859 480 rubentem,

553 517 623 553 ne
645 500 787 553 foret
808 498 895 552 his
920 500 1090 564 testis,
1124 505 1250 569 post
1271 516 1470 569 magna
1493 491 1659 555 latere
1683 503 1948 572 sepulcra.

553 585 794 639 Mentior
817 591 875 638 at
898 585 944 638 si
969 585 1118 655 quid,
1146 585 1347 639 merdis
1370 592 1536 657 caput
1557 587 1810 657 inquiner
1833 588 1973 642 albis

551 688 851 735 corvorum,
880 676 1044 740 atque
1067 671 1124 724 in
1149 687 1235 723 me
1254 670 1445 725 'veniat
1465 671 1690 728 mictum
1713 680 1876 744 atque
1899 680 2144 729 cacatum

550 757 729 812 Iulius
754 762 810 809 et
828 756 1040 826 fragilis
1065 756 1313 809 Pediatia
1334 756 1531 827 furque
1554 758 1821 812 Vorenus.

447 850 515 896 40
554 841 783 913 Singula
806 841 938 912 quid
961 844 1287 896 memorem?
1323 860 1433 913 quo
1457 850 1615 913 pacto
1639 843 1854 898 alterna
1868 845 2151 916 loquentes

553 930 775 983 umbrae
800 945 921 981 cum
949 928 1163 997 Sagana
1184 936 1502 983 resonarent
1525 931 1679 983 triste
1704 936 1761 984 et
1782 938 2017 997 acutum,
2077 979 2086 982 ,

554 1023 722 1086 utque
745 1014 863 1085 lupi
884 1013 1105 1067 barbam
1130 1013 1308 1067 variae
1333 1031 1457 1067 cum
1482 1015 1643 1069 dente
1668 1017 1919 1071 colubrae

548 1100 860 1155 abdiderint
882 1100 1069 1154 furtim
1092 1100 1271 1166 terris,
1297 1106 1354 1153 et
1375 1100 1612 1172 imagine
1637 1119 1790 1156 cerea
1825 1136 1834 1139 -

552 1187 755 1257 largior
776 1186 967 1240 arserit
987 1186 1150 1257 igme,
1180 1194 1237 1239 et
1258 1193 1321 1240 ut
1344 1201 1456 1241 non
1478 1188 1634 1242 testis
1656 1188 1863 1242 inultus

450 1280 517 1325 45
554 1272 852 1326 horruerim
877 1289 1035 1327 voces
1058 1272 1347 1326 Furiarum
1371 1280 1427 1326 et
1449 1273 1591 1327 facta
1614 1275 1862 1329 duarum.

551 1377 677 1413 nam
702 1359 941 1430 displosa
964 1365 1121 1412 sonat
1145 1366 1410 1429 quantum
1431 1360 1625 1426 vesica,
1653 1361 1849 1431 pepedi

553 1446 758 1499 diffissa
779 1452 906 1499 nate
927 1444 1080 1499 ficus.
1131 1452 1188 1498 at
1209 1445 1337 1499 illae
1362 1463 1574 1500 currere
1597 1446 1655 1500 in
1680 1447 1887 1500 urbem.

552 1531 806 1585 Canidiae
832 1532 1038 1597 dente8‚
1068 1533 1238 1588 altum
1264 1532 1508 1602 Saganae
1532 1531 1865 1585 caliendrum

551 1618 798 1672 excidere
821 1625 985 1689 atque
1008 1617 1200 1672 herbas
1225 1625 1390 1688 atque
1413 1616 1924 1672 incantatalacertis

448 1710 514 1756 50
551 1703 767 1756 vincula
791 1720 913 1756 cum
936 1720 1134 1773 magno
1156 1703 1388 1773 risuque*
1402 1702 1628 1772 iocoque
1651 1701 1879 1756 videres.

1336 2009 1465 2071 IX.

1175 2163 1619 2215 (Importunas.)

546 2284 702 2338 Ibam
725 2283 866 2337 forte
890 2283 978 2338 via
1001 2301 1166 2350 sacra,
1196 2286 1338 2339 sicut
1360 2304 1513 2340 meus
1537 2294 1621 2340 est
1643 2303 1779 2351 mos,

545 2370 728 2425 nescio
753 2370 886 2441 quid
909 2371 1175 2425 meditans
1198 2389 1466 2442 nugarum
1480 2411 1494 2437 ‚
1522 2377 1673 2425 totus
1696 2371 1754 2425 in
1778 2371 1907 2426 illis.

546 2457 777 2511 accurrit
800 2456 1019 2528 quidam
1043 2464 1207 2511 notus
1229 2456 1364 2511 mihi
1387 2457 1606 2511 nomine
1629 2464 1842 2529 tantum

543 2551 862 2615 arreptaque
882 2560 1076 2597 manus
1119 2543 1296 2614 „quid
1320 2542 1456 2613 agie,
1486 2542 1793 2597 dulcissime
1816 2545 2033 2596 rerum‘⁴.2
2049 2549 2086 2575 ‘⁴

476 2636 504 2681 5
543 2629 838 2694 „Suaviter
860 2636 924 2683 ut
946 2646 1090 2683 nunc
1114 2635 1262 2694 est‚“
1287 2629 1528 2699 inquam,
1568 2634 1668 2694 „et
1690 2628 1850 2699 cupio
1876 2628 2057 2684 omnia
2081 2646 2219 2700 quae
2244 2629 2395 2685 vis.“

544 2714 679 2768 Cum
705 2721 1089 2769 assectareturz
1130 2732 1305 2780 „num
1329 2714 1463 2785 quid
1486 2714 1604 2769 vis?
1622 2719 1658 2745 ‘⁴
1695 2732 1918 2785 occupo.
1970 2721 2028 2768 at
2050 2714 2143 2769 ille

543 2798 736 2864 „noris
760 2804 902 2852 nos“
926 2799 1123 2869 inquit,
1155 2800 1347 2865 „docti
1371 2805 1623 2854 sumus.“
1672 2801 1762 2855 hic
1787 2818 1890 2872 ego
1917 2800 2131 2872 „pluris

541 2884 688 2937 hoc“
716 2884 955 2954 inquam,
987 2884 1164 2950 „mihi
1188 2886 1361 2939 eris.“
1410 2885 1612 2939 Misere
1638 2887 1912 2941 discedere
1937 2904 2197 2958 quaerens

540 2968 620 3022 ire
644 2968 804 3022 modo
831 2970 999 3037 ocius,
1027 2971 1303 3027 interdum
1328 2972 1638 3037 consistere,
1667 2972 1726 3027 in
1750 2991 1933 3028 aurem

438 3061 500 3106 10
537 3052 714 3107 dicere
739 3054 920 3107 nescio
947 3055 1078 3126 quid
1101 3073 1288 3126 puero,
1318 3075 1440 3111 cum
1467 3058 1633 3111 sudor
1657 3059 1727 3112 ad
1751 3059 1889 3113 imos

539 3145 784 3193 manaret
807 3139 964 3192 talos.
1017 3142 1064 3194 O
1088 3148 1161 3206 te,
1189 3142 1414 3209 Bolane‚
1444 3143 1648 3197 cerebri

541 3283 604 3329 38
639 3287 828 3330 veniant.
903 3282 984 3336 (41
1025 3280 1309 3338 resonarint.)
1382 3286 1445 3332 43
1472 3296 1519 3333 ιιι
1542 3290 1743 3346 imagine.
1815 3288 1879 3333 45
1907 3288 2141 3334 obruor-im.
2211 3286 2278 3334 47
2304 3288 2393 3332 dir-

404 3352 514 3410 5⁵⁸3
541 3354 727 3410 discisa3
754 3354 926 3397 diffusa.
1013 3353 1058 3405 (1
1100 3354 1215 3398 ibam
1241 3363 1291 3400 ιιι
1314 3356 1464 3411 forle.)
1541 3355 1568 3399 2
1607 3365 1649 3402 et
1674 3365 1806 3402 totus.
1880 3355 1907 3400 3
1946 3358 2152 3401 occurrit.
2221 3356 2254 3400 4
2289 3356 2394 3401 dnl-

400 3423 590 3478 cissime,
618 3424 798 3467 rerum?
