2667 3809
395 280 495 330 252
1102 283 1518 324 Exn-smmum
1542 269 1622 333 ΙΙ,
1656 274 1704 323 1.

530 426 687 480 fortis
711 425 1013 481 Alexandri
1036 425 1252 479 vultum
1278 422 1623 477 simulantia„
1651 422 1850 494 quodsi

532 511 795 565 iudicium
821 512 1023 565 subtile
1046 510 1297 565 videndis
1320 509 1531 562 artibus
1554 507 1696 560 illud

531 598 601 651 ad
625 596 795 649 libros
821 603 877 650 et
899 597 970 650 ad
994 598 1127 649 haec
1150 596 1437 648 Musarum
1461 595 1606 649 dona
1627 612 1867 661 vocares,

532 683 800 736 Boeotum
826 682 884 735 in
910 699 1089 735 crasso
1113 682 1320 735 iurares
1347 699 1468 735 aere
1495 690 1704 735 natum.

398 775 495 819 245
534 769 613 820 At
636 783 814 837 neque
837 766 1170 820 dedecorant
1193 772 1290 819 tua
1314 767 1382 820 de
1407 785 1464 820 se
1488 767 1692 820 iudicia
1716 776 1881 836 atque

530 866 771 917 munera,
803 870 941 922 quae
965 853 1140 906 multa
1166 852 1347 905 dantis
1373 869 1496 905 cum
1521 852 1684 906 laude
1707 853 1956 906 tulerunt

534 937 719 990 dilecti
742 937 847 990 tibi
871 936 1135 1006 Virgilius
1162 937 1468 1007 Variusque
1491 943 1714 1008 poetae3

531 1041 632 1076 nec
655 1022 830 1092 magis
854 1022 1096 1092 expressi
1119 1022 1307 1076 vultus
1330 1036 1427 1091 per
1451 1039 1619 1074 aenea
1640 1024 1817 1093 signa,

532 1125 693 1179 quam
717 1125 814 1178 per
837 1107 977 1160 vatis
1003 1122 1141 1176 opus
1164 1123 1343 1161 mores
1367 1108 1645 1178 animique
1669 1107 1909 1161 virorum

397 1200 497 1246 250
531 1193 799 1247 clarorum
824 1199 1103 1263 apparent.
1148 1208 1248 1245 uec
1273 1209 1548 1246 sermones
1574 1210 1678 1261 ego
1701 1191 1919 1245 mallem

530 1284 781 1348 repentes
806 1294 903 1347 per
925 1278 1151 1330 humum
1179 1294 1341 1346 quam
1365 1295 1451 1331 res
1476 1295 1800 1348 componere
1824 1282 2022 1346 gestas,

530 1371 903 1432 terrarumque
928 1361 1066 1415 situs
1087 1369 1146 1414 et
1167 1361 1394 1415 flumina
1419 1361 1598 1414 dicere
1622 1370 1678 1415 et
1702 1379 1852 1415 arces

532 1448 811 1502 montibus
834 1447 1113 1517 impositas
1138 1453 1195 1500 et
1218 1447 1446 1500 barbara
1468 1464 1654 1516 regna,
1682 1448 1912 1517 tuisque'

533 1532 788 1604 auspiciis
809 1538 990 1585 totum
1015 1532 1264 1585 confecta
1288 1532 1471 1585 duella
1494 1549 1591 1601 per
1614 1532 1819 1597 orbem,

398 1624 495 1670 255
536 1619 877 1689 claustraque
904 1617 1185 1671 custodem
1208 1617 1358 1688 pacis
1383 1616 1695 1670 cohibentia
1718 1617 1930 1681 Ianum,

534 1711 591 1757 et
612 1704 955 1757 formidatam
981 1702 1200 1755 Parthis
1225 1709 1280 1756 te
1303 1703 1548 1773 principe
1572 1703 1823 1766 Romam,

533 1789 580 1842 si
604 1794 868 1859 quantum
893 1805 1163 1857 cuperem,
1193 1804 1408 1857 possem
1435 1804 1671 1857 quoque.
1711 1787 1808 1843 sed
1831 1803 2009 1856 neque
2032 1806 2258 1860 parvum

537 1889 752 1927 carmen
773 1871 1027 1924 maiestas
1050 1872 1247 1941 recipit
1268 1879 1383 1936 tua,
1412 1889 1512 1925 nec
1534 1888 1688 1925 meus
1710 1872 1881 1925 audet

532 1975 648 2010 rem
671 1961 882 2010 tentare
905 1956 1101 2026 pudor,
1131 1974 1296 2026 quam¹
1315 1959 1459 2012 vires
1482 1959 1622 2011 ferre
1644 1963 1915 2010 recusent.

398 2048 496 2094 260
535 2042 810 2095 sedulitas
833 2048 1033 2105 autem,
1064 2042 1231 2095 stulte
1257 2060 1418 2112 quem
1444 2043 1655 2112 diligit,
1686 2049 1863 2112 urget,

531 2127 819 2197 praecipue
844 2145 965 2180 cum
993 2145 1050 2181 se
1075 2128 1313 2182 numeris
1340 2127 1684 2184 commendat
1708 2137 1765 2181 et
1786 2135 1934 2191 arte3

534 2212 696 2266 discit
720 2212 864 2265 enim
889 2213 1049 2267 citius
1072 2214 1429 2283 meminitque
1455 2212 1715 2266 libentius
1740 2213 1897 2277 illud,

529 2296 680 2366 quod
706 2297 830 2367 quis
851 2298 1090 2364 deridet,
1129 2314 1292 2369 quam
1317 2298 1468 2368 quod
1491 2297 1687 2368 probat
1711 2306 1766 2352 et
1789 2307 2096 2353 veneratur.

532 2381 612 2435 nil
636 2399 818 2436 moror
841 2383 1096 2449 officium,
1126 2385 1276 2455 quod
1297 2401 1385 2437 me
1410 2389 1617 2453 gravat,
1646 2400 1708 2437 ac
1733 2401 1910 2455 neque
1934 2384 2061 2438 ficto
2093 2413 2097 2421 ·

397 2474 495 2521 265
532 2468 590 2521 in
614 2468 771 2538 peius
794 2470 953 2523 vultu
977 2469 1208 2540 proponi
1230 2486 1417 2522 cereus
1443 2485 1691 2538 usquam,

530 2571 632 2607 nec
656 2571 818 2625 prave
843 2554 999 2609 factis
1023 2554 1264 2608 decorari
1289 2553 1539 2608 versibus
1560 2562 1714 2624 opto,

529 2655 604 2691 ne
623 2640 847 2693 rubeam
871 2640 1064 2709 pingui
1089 2640 1324 2693 donatus
1347 2656 1571 2692 munere
1592 2645 1652 2693 et
1674 2656 1786 2693 una

532 2741 655 2777 cum
671 2724 942 2796 ‘scriptore‘
963 2740 1085 2779 meo
1109 2742 1271 2796 capsa
1293 2732 1572 2795 porrectus
1594 2733 1782 2794 aperta

530 2809 741 2862 deferar
763 2809 822 2864 in
846 2811 1025 2864 vicum
1048 2811 1373 2864 vendentem
1398 2809 1527 2863 thus
1553 2816 1609 2862 et
1632 2810 1827 2864 odores

398 2898 494 2944 270
532 2899 587 2945 et
610 2894 765 2964 piper
788 2902 845 2947 et
868 2895 1135 2965 quidquid
1159 2895 1362 2949 chartis
1386 2895 1637 2948 amicitur
1661 2895 1879 2964 ineptis.

532 3034 630 3080 245
668 3052 736 3082 ac.
810 3035 906 3080 247
944 3040 1183 3096 Ver-gilius.
1259 3037 1357 3083 248
1397 3054 1481 3083 non
1508 3040 1662 3096 magis.
1741 3035 1838 3081 259
1878 3046 2097 3083 recusant.
2186 3033 2286 3081 260
2324 3050 2407 3083 ιιι-

395 3112 479 3149 tem
518 3104 666 3160 stulte,
705 3119 847 3164 quem.
968 3104 1062 3150 261
1104 3110 1294 3153 numeris
1332 3122 1380 3152 se
1418 3120 1530 3152 cum.
1640 3102 1738 3151 265
1778 3120 1981 3165 unquam.
2093 3103 2193 3149 268
2230 3112 2404 3164 operta.

396 3169 495 3216 269
532 3174 725 3217 odorem.
801 3171 899 3215 270
938 3175 1151 3233 inemptis.

1233 3325 1562 3332 ——
