2667 3809
354 258 455 308 2¹0
1058 263 1474 305 nmsronsmm
1496 249 1546 314 l,
1581 252 1662 303 16.

494 407 766 472 Maenius,
796 413 860 460 ut
881 405 1045 461 rebus
1067 405 1327 458 maternis
1353 411 1518 475 atque
1542 403 1782 474 paternis

494 492 709 548 fortiter
731 491 1031 563 absumptis
1057 490 1298 544 urbanus
1321 490 1504 563 coepit
1529 489 1734 554 haberi,

496 595 683 632 scurra
705 595 895 648 vagus,
925 594 1037 630 non
1062 575 1157 647 qui
1181 583 1390 629 certum
1414 593 1672 647 praesepe
1696 582 1925 640 teneret,

497 664 803 734 impransus
826 680 939 715 non
963 662 1059 733 qui
1083 661 1255 716 civem
1275 661 1627 731 dignosceret
1648 661 1827 725 hoste,

396 757 460 803 30
499 747 777 821 quaelibet
800 747 859 801 in
883 748 1129 819 quemvis
1155 746 1448 817 opprobria
1471 747 1675 817 fingere
1701 765 1911 812 saevus,

498 834 764 908 pernicies
789 840 845 887 et
868 840 1162 904 tempestas
1184 833 1612 903 barathrumque
1636 834 1867 899 macelli,

500 920 770 992 quidquid
795 920 1115 990 quaesierat,
1151 919 1328 972 ventri
1354 917 1593 972 donabat
1616 937 1798 974 avaro.

498 1008 589 1060 hic
614 1006 712 1060 ubi
736 1005 1010 1077 nequitiae
1034 1004 1343 1057 fautoribus
1370 1011 1425 1057 et
1448 1003 1655 1058 timidis
1679 1005 1761 1059 nil

501 1100 598 1146 aut
621 1093 868 1164 paullum
894 1090 1210 1155 abstulerat,
1240 1090 1455 1160 patinas
1480 1091 1747 1144 coenabat
1771 1091 1942 1145 omasi

400 1185 464 1231 35
502 1179 626 1233 vilis
651 1185 708 1232 et
731 1179 981 1249 agninae,
1011 1176 1185 1230 tribus
1211 1176 1354 1230 ursis
1380 1177 1528 1247 quod
1552 1178 1683 1231 satis
1709 1183 1884 1242 esset;

501 1264 710 1318 scilicet
732 1272 795 1317 ut
818 1270 1034 1317 ventres
1059 1263 1240 1315 lamna
1264 1262 1531 1317 candente
1556 1269 1819 1334 nepotum

502 1351 707 1404 diceret
732 1349 986 1413 urendos,
1016 1356 1286 1401 corrector
1309 1348 1550 1402 Bestius.
1590 1349 1736 1402 idem

503 1434 773 1506 quidquid
798 1441 914 1487 erat
937 1441 1130 1487 nactus
1155 1434 1389 1504 praedae
1410 1434 1647 1500 maioris,
1679 1434 1774 1488 ubi
1801 1452 1960 1489 omne

503 1529 740 1576 verterat
763 1521 821 1573 in
846 1521 1058 1573 fumum
1083 1527 1139 1573 et
1162 1519 1427 1572 cinerem:
1468 1538 1623 1584 „non
1650 1521 1869 1575 hercule
1892 1520 2126 1585 miror,“
2204 1514 2209 1519 ’

402 1614 468 1660 40
506 1606 687 1660 aiebat
713 1607 804 1671 „si
829 1607 924 1676 qui
949 1605 1244 1658 comedunt
1265 1605 1428 1669 bona,
1460 1623 1584 1659 cum
1609 1606 1682 1660 sit
1706 1606 1871 1660 obeso

506 1693 587 1747 nil
610 1692 806 1745 melius
831 1691 1012 1755 turdo,
1046 1691 1125 1745 nil
1150 1692 1312 1745 vulva
1338 1691 1618 1762 pulchrius
1643 1692 1890 1763 ampla.“

504 1779 779 1833 Nimirum
805 1778 893 1830 hic
919 1795 1022 1847 ego
1046 1794 1166 1830 sum
1180 1799 1192 1841 ;
1233 1795 1359 1830 nam
1384 1784 1506 1830 tuta
1531 1784 1587 1830 et
1609 1778 1835 1848 parvula
1857 1777 2042 1843 laud0‚

503 1881 632 1917 cum
656 1880 743 1915 res
768 1862 1044 1927 deficiunt,
1076 1862 1206 1915 satis
1232 1863 1376 1915 inter
1399 1862 1528 1918 vilia
1550 1863 1734 1927 fortis3

506 1966 696 2003 verum
721 1948 816 2002 ubi
842 1948 975 2019 quid
998 1948 1193 2002 melius
1219 1949 1493 2019 contingit
1516 1955 1572 2002 et
1596 1950 1835 2013 unctius,
1867 1949 2012 2003 idem

406 2043 473 2086 45
509 2052 606 2088 vos
631 2051 819 2104 sapere
844 2041 900 2087 et
924 2033 1067 2088 solos
1093 2034 1178 2086 aio
1203 2034 1344 2087 bene
1369 2035 1568 2098 vivere,
1599 2051 1830 2105 quorum

510 2119 842 2189 conspicitur
864 2120 1055 2174 nitidis
1081 2120 1308 2174 fundata
1332 2120 1565 2190 pecunia
1589 2120 1753 2174 villis.

1270 2431 1466 2493 XVI.

1133 2583 1240 2635 (Ad
1267 2583 1621 2635 Quintium.)

510 2703 565 2757 N
567 2720 596 2757 e
620 2705 971 2774 perconteris,
1000 2705 1205 2759 fundus
1230 2721 1403 2769 meus,
1431 2705 1634 2775 optime
1660 2703 1875 2768 Quinti,

510 2807 639 2844 arvo
664 2798 850 2859 pascat
871 2791 1063 2845 herum
1088 2810 1158 2845 an
1183 2792 1331 2846 bacis
1357 2792 1643 2862 opulentet
1667 2790 1859 2853 olivae,

503 2934 538 2977 1.
566 2930 629 2977 29
656 2934 922 2980 dinosceret.
984 2933 1047 2980 30
1075 2936 1242 2995 fingere
1267 2945 1433 2982 certus.
1496 2933 1559 2980 32
1586 2936 1798 2992 donarem
1827 2935 2067 2988 (donaret.)
2131 2930 2192 2976 35
2221 2933 2388 2990 agnini.

380 3000 442 3045 37
470 3009 725 3083 correctus3
753 3011 1001 3082 correptus.
1053 3003 1116 3049 38
1144 3007 1305 3065 siquid
1329 3014 1440 3050 erat.
1504 3002 1567 3049 39
1594 3011 1803 3049 verteret.
1858 3001 1921 3049 41
1951 3003 2123 3049 dulcius
2144 3001 2301 3060 ampla.
2319 3021 2393 3034 —·

376 3069 876 3190 xv¹i1.1(3:2311526.
898 3141 1058 3198 sumpse
1073 3155 1190 3186 nova
1207 3145 1438 3199 epistola.)
1464 3142 1542 3187 Ad
1562 3142 1778 3187 Vallum
1802 3143 1974 3199 epist.
1999 3138 2080 3183 16.
2110 3160 2170 3170 —
2195 3136 2258 3182 26
2281 3137 2395 3182 Sae-

376 3207 473 3251 vins
497 3213 562 3250 nt.
614 3203 676 3248 27
704 3208 954 3264 assumptis.
1008 3206 1070 3251 29
1098 3223 1180 3254 nec
1205 3212 1279 3269 qui
1301 3232 1363 3242 —
1386 3211 1651 3256 dinosceret.
1705 3207 1765 3254 31
1795 3210 2121 3267 baratrumque.
2176 3204 2394 3265 32*quic-

378 3275 501 3332 quid.
574 3271 638 3317 33
666 3275 893 3332 nequiciae
915 3296 978 3307 —
1003 3277 1191 3322 tumidis.
1267 3277 1329 3322 34
1357 3280 1549 3337 paulum.
1625 3276 1686 3322 35
1715 3286 1759 3322 et
1783 3279 1983 3335 anguini.
2057 3274 2119 3320 37
2147 3283 2389 3320 correctus.

379 3339 445 3383 42
483 3342 732 3386 Nimirum.
804 3339 871 3384 44
907 3344 1072 3388 nntius.
1146 3344 1210 3390 45
1248 3347 1370 3391 solos
1390 3350 1536 3393 animo
1560 3346 1686 3392 bene.
1724 3369 1792 3378 —
1839 3346 1954 3390 xvl.
1995 3345 2072 3390 Ad
2108 3345 2392 3401 Quintum

380 3411 557 3468 epist.
588 3409 671 3454 17.
701 3431 768 3441 —
810 3409 831 3452 1
872 3414 1189 3467 percuncteris.
1263 3412 1291 3457 2
1329 3414 1495 3458 baccis.
