2667 3809
363 286 430 336 :30
1116 291 1456 333 summum
1479 278 1528 341 Ι,
1556 279 1605 329 2.

503 443 565 489 ut
579 476 592 500 ,
628 452 750 488 cum
770 432 1073 487 carceribus
1096 431 1454 501 missos‘rapit
1476 431 1685 500 ungula
1707 447 1912 495 currus,

369 531 392 574 1
406 530 464 574 15
503 524 671 575 instat
694 519 846 591 equis
870 519 1061 589 auriga
1083 535 1210 571 suos
1234 517 1593 580 vincentibus,
1623 518 1777 570 illum

500 605 850 678 praeteritum
873 611 1118 662 temnens
1145 612 1413 657 extremos
1438 604 1579 656 inter
1602 610 1836 656 euntem.

500 694 626 746 inde
651 692 739 757 fit,
769 699 833 745 ut
853 709 992 755 raro,
1023 690 1116 761 qui
1142 707 1199 742 se
1221 690 1420 743 vixisse
1443 689 1663 744 beatum

500 780 673 843 dicat,
703 786 758 831 et
781 784 969 831 exacto
995 782 1281 830 contentus
1303 769 1548 846 tempore
1569 777 1686 829 vita

501 866 656 918 cedat
678 864 761 917 uti
785 862 1005 916 conviva
1034 869 1204 926 sauir,
1231 863 1464 933 reperire
1489 880 1765 932 queamus,

367 959 461 1004 120
499 953 617 1004 Iam
640 949 770 1004 satis
794 956 877 1001 est
890 971 904 1012 ;
943 965 1013 1001 ne
1036 965 1122 1001 me
1148 947 1384 1018 Crispini
1405 947 1606 1000 serinia
1624 946 1762 1017 lippi

498 1036 812 1107 compilasse
834 1043 1011 1105 putes,
1044 1034 1266 1088 verbum
1292 1050 1404 1086 non
1428 1032 1659 1103 amplius
1684 1033 1895 1094 addam.

1185 1243 1513 1252 --——-—--—---—

1300 1411 1394 1478 II.

1070 1567 1075 1572 ’
1137 1566 1567 1618 (euplemnus.)

492 1707 916 1762 Ambubaiarum
941 1706 1186 1776 collegia,
1220 1705 1684 1780 pharmacopolae,

489 1810 752 1875 mendici,
779 1810 992 1874 mimae,
1020 1809 1345 1872 balatrones,
1377 1808 1480 1860 hoc
1504 1825 1676 1878 genus
1701 1824 1857 1861 omne

489 1918 752 1966 maestum
778 1930 840 1966 ao
864 1910 1153 1965 sollicitum
1182 1893 1266 1964 est
1289 1909 1523 1978 nantonis
1548 1917 1720 1963 morte
1744 1909 1974 1981 Tigelli:

489 2016 689 2087 quippe
711 2014 981 2086 benignus
1007 2020 1138 2068 erat.
1192 2014 1394 2068 Contra
1415 2014 1521 2079 hic,
1558 2032 1626 2067 ne
1650 2013 1911 2084 prodigus
1937 2030 2052 2068 esse

422 2127 451 2172 5
490 2119 702 2173 dicatur
723 2126 988 2184 metuens,
1023 2117 1174 2188 inopi
1198 2118 1326 2171 dare
1350 2116 1491 2171 nolit
1514 2117 1704 2183 amieo,

485 2222 659 2292 frigus
682 2239 790 2292 quo
815 2222 1113 2292 duramque
1137 2219 1333 2276 famem
1355 2221 1653 2292 propellere
1676 2220 1866 2290 possit.

486 2326 652 2378 Hune
677 2326 722 2379 si
746 2324 1092 2395 perconteris,
1121 2324 1209 2379 avi
1232 2342 1328 2379 our
1352 2330 1515 2395 atque
1539 2323 1782 2395 parentis

483 2427 809 2497 praeclaram
834 2428 1047 2498 ingrata
1071 2428 1305 2498 stringat
1326 2427 1503 2481 malus
1528 2426 1769 2497 ingluvie
1792 2441 1903 2479 rem

483 2530 663 2584 omnia
687 2531 968 2585 conductis
994 2535 1240 2587 coemens
1265 2531 1490 2584 obsonia
1514 2529 1747 2583 nummis
1768 2549 1780 2581 ε

387 2640 444 2686 10
483 2634 734 2688 sordidus
759 2641 923 2705 atque
945 2633 1111 2688 animi
1136 2634 1282 2705 quod
1307 2635 1459 2704 parvi
1484 2633 1622 2686 nolit
1648 2631 1848 2696 haberi,

480 2737 789 2807 respondet.
827 2736 1082 2790 laudatur
1102 2736 1171 2790 ab
1194 2736 1298 2802 his,
1333 2737 1582 2808 culpatur
1604 2735 1673 2790 ab
1697 2735 1823 2789 illis.

483 2838 731 2893 Fufidius
754 2857 959 2911 vappae
980 2840 1177 2893 famam
1201 2839 1360 2898 timet
1382 2858 1443 2894 ac
1465 2839 1784 2903 nebulonis;

479 2941 628 2996 dives
654 2943 815 3012 agris,
846 2943 995 2997 dives
1019 2943 1211 3013 positis
1234 2942 1292 2996 in
1315 2942 1501 2995 fenore
1524 2941 1775 3006 nummis,

481 3044 672 3114 quinas
697 3045 785 3098 hic
811 3046 974 3116 capiti
997 3046 1267 3110 mercedes
1294 3052 1535 3110 exsecat,
1565 3051 1728 3114 atque

382 3154 442 3199 15
480 3156 683 3218 quanto
708 3148 969 3219 perditior
994 3149 1222 3219 quisque
1246 3156 1357 3214 est,
1387 3154 1540 3201 tanto
1565 3147 1740 3200 aerius
1766 3152 1944 3218 urget.

478 3250 696 3304 nomina
726 3249 963 3305 sectatur
984 3251 1147 3304 modo
1172 3258 1389 3321 sumpta
1411 3258 1560 3305 veste
1583 3249 1727 3304 virili
1749 3263 1756 3268 ’

482 3445 576 3489 115
616 3448 724 3490 suis.
801 3443 896 3489 118
933 3446 1060 3491 vitae.
1135 3444 1252 3498 (120
1291 3447 1493 3505 lippum.)
1567 3447 1621 3492 11.
1662 3445 1689 3491 6
1725 3446 1962 3505 depellere.
2037 3444 2096 3488 14
2135 3445 2289 3502 exigit.
