2667 3809
386 279 489 333 262
1096 284 1512 327 Ems'romneu
1535 271 1614 336 II,
1644 273 1696 322 2.

528 427 625 499 qui
648 444 706 481 se
732 426 987 481 credebat
1007 425 1175 480 miros
1197 425 1390 479 audire
1414 423 1723 494 tragoedos,
1776 486 1781 487 ff

392 520 489 568 130
526 513 584 568 in
610 529 781 567 vacue
805 513 982 569 laetus
1007 529 1188 566 sessor
1207 511 1537 584 plausorque
1561 510 1806 574 theatr03

528 608 706 654 cetera
729 598 823 668 qui
848 597 991 651 vitae
1014 605 1255 651 servaret
1277 597 1464 651 munia
1485 602 1636 651 recto

527 702 694 749 more,
722 684 900 737 bonus
925 700 1055 736 sane
1078 683 1307 748 vicinus,
1337 681 1585 735 amabilis
1608 681 1826 750 hospes,

527 771 695 824 comis
721 769 778 822 in
804 784 1046 833 uxorem,
1076 775 1263 839 posset
1285 768 1381 838 qui
1406 768 1687 837 ignoscere
1708 765 1880 821 servis

528 863 584 911 et
608 856 768 925 signo
791 854 939 908 laeso
962 872 1075 909 non
1099 853 1338 911 insanire
1361 853 1604 923 lagenae,

395 949 490 995 135
529 946 713 1014 posset
737 940 834 1012 qui
855 956 1045 1010 rupem
1071 946 1128 993 et
1149 946 1378 1010 puteum
1403 938 1575 992 vitare
1598 942 1893 1007 patentem.

528 1027 618 1080 hic
642 1026 738 1080 ubi
764 1033 1120 1095 cognatorum
1147 1024 1343 1095 opibus
1369 1022 1623 1094 curisque
1646 1022 1880 1076 refectus

527 1110 740 1183 expulit
761 1111 1041 1165 helleboro
1065 1109 1316 1163 morbum
1340 1109 1617 1179 bilemque
1640 1124 1853 1161 meraco

527 1204 585 1251 et
605 1196 750 1251 redit
772 1196 843 1250 ad
868 1213 1015 1250 sese=
1056 1195 1192 1266 „pol
1215 1212 1302 1249 me
1328 1194 1622 1258 occidistis,
1651 1192 1830 1258 amici,

526 1300 640 1335 non
665 1281 962 1336 servastis“
990 1281 1069 1334 ait
1080 1281 1226 1346 .,‚cui
1252 1281 1329 1334 sic
1356 1286 1571 1334 extorta
1592 1278 1847 1347 voluptas

394 1374 490 1419 140
530 1375 586 1421 et
610 1367 863 1438 demptus
885 1383 984 1437 per
1009 1366 1117 1421 vim
1141 1366 1340 1419 mentis
1366 1364 1709 1436 gratissimus
1733 1366 1947 1415 error.“

526 1451 801 1506 Nimirum
825 1468 1011 1522 sapere
1036 1460 1120 1505 est
1143 1452 1369 1505 abiectis
1395 1451 1532 1504 utile
1557 1449 1720 1520 nugis

526 1544 584 1590 et
605 1538 990 1607 tempestivum
1015 1538 1199 1608 pueris
1224 1537 1522 1591 concedere
1546 1535 1759 1599 ludum,

527 1639 589 1675 ac
612 1639 722 1679 nou
748 1622 913 1679 verba
937 1623 1092 1693 sequi
1116 1622 1315 1679 fidibus
1340 1620 1676 1674 modulanda
1698 1618 1943 1683 Latinis,

527 1707 623 1760 sed
646 1724 804 1760 verae
828 1725 1192 1779 numerosque
1215 1708 1517 1776 modosque
1541 1706 1779 1759 ediscere
1805 1704 1966 1759 vitae.

393 1796 489 1843 145
529 1792 783 1861 quocirca
806 1810 1019 1846 mecum
1042 1792 1238 1861 loquor
1262 1792 1397 1845 haec
1422 1791 1731 1861 tacitusque
1753 1788 2037 1843 recordere

528 1875 587 1928 Si
614 1874 715 1928 tibi
739 1876 891 1932 nulla
915 1875 1061 1928 sitim
1085 1876 1268 1930 finiret
1290 1877 1448 1948 copia
1470 1876 1741 1948 lymphae,

525 1974 771 2012 narrares
795 1960 1051 2026 medicis3
1091 1961 1241 2030 quod
1266 1969 1472 2032 quanto
1495 1962 1653 2033 plura
1676 1959 1896 2030 parasti,

527 2049 682 2097 tanto
707 2043 865 2114 plura
889 2045 1061 2116 cupis,
1090 2046 1301 2102 nulline
1324 2047 1545 2103 faterier
1568 2047 1776 2101 audes?

526 2128 574 2182 si
597 2129 799 2183 vulnus
822 2129 926 2184 tibi
949 2138 1248 2187 monstrata
1269 2132 1451 2186 radice
1475 2131 1563 2186 vel
1587 2131 1757 2195 herba

392 2221 489 2267 150
526 2231 638 2268 non
663 2215 817 2269 fieret
839 2214 1030 2281 levius,
1058 2216 1277 2288 fugeres
1299 2217 1484 2271 radice
1507 2216 1595 2272 vel
1620 2216 1793 2269 herba

526 2300 843 2370 proficiente
867 2301 1006 2355 nihil
1031 2303 1285 2357 curarier.
1324 2301 1593 2366 audieras,
1622 2300 1713 2355 cui

524 2403 640 2441 rem
665 2386 724 2440 di
747 2386 1039 2454 donarent,
1069 2388 1150 2442 illi
1174 2387 1436 2442 decedere
1460 2403 1682 2457 pravam

526 2472 848 2538 stultitiam3
889 2480 946 2528 et
968 2490 1092 2526 cum
1117 2473 1193 2527 sis
1216 2473 1392 2527 nihilo
1417 2473 1731 2543 sapientior,
1758 2487 1827 2525 ex
1852 2488 1962 2542 quo

523 2557 736 2627 plenior
760 2575 835 2623 es,
864 2565 1048 2613 tamen
1071 2558 1240 2612 uteris
1263 2557 1629 2617 monitoribus
1652 2557 1866 2615 isdem?

390 2649 487 2695 155
525 2649 584 2696 at
607 2643 654 2696 si
679 2642 903 2697 divitiae
927 2643 1252 2714 prudentem
1274 2644 1503 2698 reddere
1526 2650 1768 2714 possent,

524 2728 572 2783 si
595 2728 855 2799 cupidum
879 2727 1242 2798 timidumque
1265 2728 1448 2782 miuus
1471 2734 1546 2792 te,
1575 2745 1771 2798 nempe
1794 2727 2037 2793 tuberes,

523 2814 731 2868 viveret
755 2814 811 2868 in
838 2802 996 2868 terris
1018 2819 1076 2867 te
1100 2813 1147 2867 si
1172 2813 1294 2884 quis
1319 2812 1532 2866 avarior
1554 2830 1686 2867 uno.

525 2897 584 2951 Si
606 2898 888 2971 proprium
912 2905 1013 2963 est,
1043 2898 1192 2970 quod
1215 2898 1340 2969 quis
1363 2897 1504 2952 libra
1524 2905 1795 2953 mercatur
1817 2905 1875 2953 et
1896 2915 2037 2962 aere,

526 2982 811 3052 quaedam,
840 2983 888 3036 si
912 2984 1086 3037 credis
1109 2983 1396 3049 consultis,
1425 2984 1702 3055 manc-ipat
1725 3001 1888 3039 usust

389 3071 487 3118 160
527 3066 702 3137 quite
725 3068 901 3137 pascit
924 3084 1070 3139 ager,
1100 3077 1230 3127 tuus
1254 3076 1366 3135 est,
1396 3078 1454 3125 et
1475 3068 1691 3124 villicus
1717 3068 1870 3135 Orbi,

533 3271 626 3317 137
664 3275 792 3320 bilem
817 3276 1115 3336 morbumque.
1190 3277 1286 3322 144
1313 3294 1434 3325 vere.
1509 3278 1604 3324 147
1632 3281 1752 3340 quid,
1771 3287 1948 3340 quanto.
2028 3277 2123 3324 152
2150 3279 2404 3338 donaruntg

386 3342 631 3399 donarsut3
668 3342 928 3397 (dousrint).
1039 3343 1134 3389 153
1172 3348 1418 3406 stultitiam,
1441 3361 1557 3393 cum.
1666 3347 1762 3392 154
1802 3349 2069 3405 rationibus3
2105 3348 2403 3394 sermonibus.

392 3407 490 3454 156
528 3410 821 3469 tumidumque
845 3433 915 3447 -
938 3412 1097 3468 miuus,
1122 3421 1170 3458 tu
1194 3428 1364 3474 nempe.
1441 3413 1539 3460 158
1575 3424 1793 3463 mercatus
1818 3424 1861 3461 et
1884 3430 1989 3462 aere
2012 3423 2097 3463 est.
