2667 3809
346 244 414 294 40
1110 254 1451 296 summum
1476 243 1524 304 1,
1555 245 1604 295 3.

486 411 548 457 ac
573 411 685 446 non
708 394 1140 465 incautofictum
1163 398 1499 465 astutumque
1523 411 1797 449 vocamus.

482 477 779 550 simplicior
803 479 924 548 quis
951 486 1006 533 et
1029 486 1114 534 est
1139 480 1354 550 qualem
1379 497 1465 533 me
1491 496 1650 550 saepe
1674 480 1907 535 libenter

487 563 777 617 obtulerim
802 564 930 629 tibi,
962 564 1268 628 Maecenas,
1299 572 1363 617 ut
1384 564 1526 618 forte
1548 565 1823 635 legentem

382 656 444 701 65
483 654 581 702 aut
604 649 831 703 tacitum
855 648 1100 718 impellat
1125 650 1317 720 quovis
1344 667 1592 703 sermone
1614 651 1909 706 molestus:

483 732 754 790 communi
771 752 927 808 sensu
941 736 1108 805 plane
1133 740 1304 799 caret,
1336 735 1632 805 inquimus,
1683 736 1862 801 Eheu,

478 836 642 889 quam
665 824 867 872 temere
892 820 949 872 in
972 826 1188 873 nosmet
1211 820 1389 889 legem
1415 820 1687 874 sancimus
1711 820 1954 891 iniquam
1976 822 1989 872 1

479 905 622 958 Nam
647 903 795 958 vitiis
819 920 978 956 nemo
1005 904 1121 957 sine
1145 904 1415 969 nascitur3
1457 905 1695 975 optimus
1720 905 1814 958 ille
1838 912 1938 970 est,

480 989 574 1059 qui
597 988 836 1041 minimis
861 998 1104 1059 urgetur.
1150 988 1377 1042 Amicus
1403 988 1598 1054 dulcis,
1627 997 1690 1043 ut
1714 1007 1947 1059 aequum
1972 997 2072 1055 est,

379 1081 441 1126 70
479 1091 602 1132 cum
626 1091 747 1126 mea
771 1080 1085 1143 compenset
1098 1074 1257 1127 vitiis
1283 1075 1443 1138 bona,
1472 1074 1720 1144 pluribus
1744 1074 1893 1128 hisce
1920 1106 1988 1115 —

479 1158 527 1209 si
549 1158 711 1211 modo
736 1158 893 1229 plura
915 1158 1051 1212 mihi
1075 1158 1220 1211 bona
1244 1166 1376 1212 sunt
1399 1190 1468 1199 —
1490 1159 1745 1225 inclinet,
1775 1161 1943 1214 amari

477 1242 524 1295 si
548 1243 727 1308 volet3
769 1243 869 1296 hac
894 1243 1016 1314 lege
1041 1244 1099 1296 in
1123 1244 1332 1297 trutina
1355 1251 1591 1315 ponetur
1615 1245 1822 1298 eadem.

454 1329 573 1397 'qui
597 1346 666 1381 ne
689 1328 974 1382 tuberibus
998 1329 1231 1399 propriis
1257 1328 1498 1383 offendat
1520 1330 1754 1383 amicum

474 1414 747 1482 postulat,
776 1414 1026 1484 ignoscet
1052 1415 1291 1468 verrucis
1316 1414 1483 1467 illius.
1524 1431 1756 1484 aequum
1782 1424 1865 1470 est

377 1506 438 1549 75
476 1499 711 1569 peccatis
734 1499 948 1553 veniam
972 1505 1287 1568 poscentem
1310 1498 1537 1552 reddere
1561 1518 1767 1553 rursus.

472 1584 745 1655 Denique,
777 1585 1045 1654 quatenus
1071 1585 1248 1644 excidi
1274 1584 1493 1654 penitus
1518 1585 1714 1638 vitium
1737 1586 1867 1650 irae,

476 1675 655 1721 cetera
676 1669 810 1724 item
835 1677 1118 1740 nequeunt
1136 1669 1323 1723 stultis
1350 1669 1647 1735 haerentia,
1678 1689 1773 1724 cur
1796 1688 1907 1724 non

474 1754 811 1823 ponderibus
832 1755 1177 1826 modulisque
1202 1755 1314 1807 suis
1340 1755 1478 1808 ratio
1505 1755 1695 1821 utitur,
1725 1772 1787 1808 ac
1810 1773 1895 1809 res

475 1844 541 1892 ut
565 1857 813 1910 quaeque
837 1845 947 1905 est,
977 1840 1055 1894 ita
1079 1840 1361 1910 suppliciis
1386 1840 1586 1893 delicta
1609 1842 1859 1894 coercet?

373 1930 437 1975 80
477 1924 536 1978 Si
562 1925 684 1994 quis
710 1942 1075 1998 eum-servum
1090 1965 1105 1991 ‚
1133 1928 1374 1996 patinam
1401 1927 1498 1997 qui
1521 1926 1712 1979 tollere
1737 1925 1918 1979 iussus

476 2028 712 2064 semesos
736 2010 911 2082 pisces
934 2011 1287 2083 tepidumque
1312 2011 1616 2083 ligurrierit
1636 2011 1739 2076 ἰυε,

474 2097 532 2149 in
558 2113 716 2149 cruce
740 2096 991 2166 suffigatz
1028 2096 1283 2152 Labeone
1313 2098 1555 2151 insanior
1578 2098 1722 2151 inter

475 2199 635 2236 sanos
662 2182 892 2235 dicatur.
934 2190 1137 2253 quanto
1162 2183 1268 2236 hoc
1291 2183 1551 2236 furiosius
1575 2189 1738 2252 atque

471 2268 646 2320 maius
670 2274 952 2337 peccatum
978 2275 1092 2324 est=
1132 2268 1375 2340 paullum
1402 2268 1635 2338 deliquit
1663 2268 1886 2332 amicus,

372 2358 434 2404 85
473 2354 620 2423 quod
645 2354 751 2407 nisi
777 2353 1059 2418 concedas,
1087 2353 1319 2407 habeare
1344 2353 1586 2407 insuavis
1601 2376 1615 2418 ς
1655 2353 1880 2407 acerbus

473 2439 638 2494 odisti
664 2446 718 2493 et
740 2439 889 2510 fugis
915 2446 979 2493 ut
1001 2440 1283 2493 Rusonem
1309 2438 1524 2492 debitor
1548 2439 1705 2503 aeris,

473 2525 565 2596 qui
590 2524 724 2590 nisi,
755 2543 878 2579 cum
902 2526 1086 2579 tristes
1110 2525 1308 2578 misero
1332 2541 1528 2590 venere
1547 2523 1840 2594 Calendae,

469 2611 772 2665 mercedem
797 2617 894 2664 aut
917 2627 1168 2664 nummos
1195 2609 1492 2665 undeunde
1516 2601 1777 2674 extricat,
1805 2624 2014 2683 amaras

471 2701 718 2766 porrecto
745 2696 936 2767 iugulo
961 2695 1214 2750 historias
1241 2694 1487 2764 captivus
1512 2701 1576 2748 ut
1599 2695 1772 2748 audit.

369 2786 434 2832 90
473 2780 806 2835 Comminxit
828 2782 1031 2835 lectum
1055 2787 1218 2852 potus
1243 2797 1497 2833 mensave
1523 2780 1766 2833 catillum

470 2866 715 2921 Evandri
738 2866 989 2922 manibus
1013 2867 1205 2920 tritum
1231 2864 1458 2924 deiecitz
1497 2865 1567 2917 ob
1590 2866 1730 2918 hanc
1755 2882 1888 2930 rem,

471 2959 569 3005 aut
591 2953 830 3023 positum
854 2959 981 3005 ante
1005 2969 1127 3004 mea
1152 2951 1278 3021 quia
1301 2950 1512 3021 pullum
1537 2950 1595 3004 in
1619 2957 1771 3020 parte
1797 2949 1965 3004 catini

474 3036 701 3091 sustulit
724 3037 985 3101 esuriens,
1021 3037 1200 3090 minus
1225 3037 1330 3089 hoc
1355 3035 1627 3090 iucundus
1651 3035 1857 3089 amicus

473 3124 545 3177 sit
566 3122 742 3176 mihi?
779 3122 913 3193 quid
936 3122 1127 3175 faciam
1143 3162 1157 3187 ,
1187 3123 1234 3175 si
1258 3122 1466 3176 furtum
1489 3120 1705 3184 fecerit,
1736 3126 1834 3174 aut
1855 3120 1903 3173 si

475 3249 538 3296 63
574 3252 773 3296 licenter.
849 3247 912 3293 65
950 3249 1196 3308 impellam3
1222 3249 1444 3308 appellet3
1476 3248 1737 3307 (impediat.)
1765 3268 1836 3278 —
1859 3259 2087 3292 sermone:
2112 3245 2342 3291 molestus.

336 3318 399 3364 72
438 3323 476 3367 si
499 3320 616 3366 volet
638 3318 721 3364 hac
744 3319 859 3375 lege,
897 3320 959 3361 in.
1069 3317 1132 3360 74
1169 3319 1384 3374 ignoscat.
1494 3315 1556 3360 76
1595 3316 1811 3361 exscindi.
1920 3313 1980 3359 81
2021 3315 2340 3374 trepidumque.

336 3387 422 3444 (82
460 3389 693 3443 Labieno.)
767 3384 830 3430 86
869 3387 1140 3444 Drusonem3
1168 3386 1399 3430 Rusonem.
1473 3383 1555 3439 (91
1598 3386 1797 3438 tortum.)
