2667 3809
416 267 512 317 154
859 334 864 343 ὓ
1159 276 1490 317 summum
1515 262 1592 328 ΙΙ,
1622 266 1674 316 8.

546 418 782 477 Divitias
804 419 1057 483 miseras!
1097 418 1192 472 sed
1216 418 1337 489 quis
1362 417 1711 472 coenantibus
1735 434 1861 483 una,
1929 440 1934 451 ·

547 504 800 559 Fundani
813 545 829 569 ,,
855 504 1078 576 pulchre
1101 504 1264 557 fuerit
1289 502 1414 566 tibi,
1444 520 1603 559 nosse
1626 503 1829 557 laboro.

446 594 509 643 20
549 590 843 656 „Summus
868 598 987 660 ego,
1016 598 1071 643 et
1094 604 1260 659 prope
1283 606 1370 642 me
1395 588 1583 643 Viscus
1607 589 1895 657 Thurinus,
1924 598 1982 645 et
2003 592 2162 656 infra,

546 678 592 730 si
615 676 862 740 memini,
891 675 1117 739 Varius3
1159 692 1279 727 cum
1306 673 1533 728 Servilio
1558 674 1845 729 Balatrone

543 762 810 826 Vibidius,
840 778 973 831 quas
997 761 1282 814 Maecenas
1306 758 1608 813 adduxerat
1628 759 1861 814 umbras.

541 849 916 902 Nomentanus
941 853 1055 899 erat
1077 863 1237 916 super
1258 846 1454 915 ipsum,
1483 846 1707 901 Porcius
1729 846 1884 912 infra,

540 933 803 987 ridiculus
828 940 970 986 totas
993 932 1154 985 simul
1177 931 1464 997 obsorbere
1486 932 1775 1003 placentas.

440 1026 505 1072 25
541 1021 916 1074 Nomentanus
940 1018 1010 1071 ad
1031 1018 1152 1082 hoc,
1184 1018 1278 1087 qui
1299 1006 1347 1070 si
1372 1017 1503 1087 quid
1524 1018 1663 1071 forte
1686 1018 1893 1082 lateret,

541 1106 718 1160 indice
742 1111 1066 1160 monstraret
1087 1104 1291 1174 digit03
1330 1121 1456 1168 nam
1481 1110 1656 1157 cetera
1678 1104 1853 1168 turba,

542 1209 657 1256 nos,
687 1193 925 1262 inquam,
955 1207 1239 1244 coenamus
1263 1207 1405 1254 τινες,
1434 1188 1729 1259 conchylia,
1756 1191 1947 1260 pisces,

541 1278 702 1348 longe
727 1278 1040 1331 dissimilem
1065 1284 1195 1330 noto
1221 1276 1451 1331 celantia
1473 1293 1693 1341 sucum;

543 1372 606 1419 ut
629 1364 713 1418 vel
738 1364 996 1417 continuo
1021 1362 1226 1434 patuit,
1256 1379 1379 1415 cum
1403 1361 1632 1431 passeris
1655 1367 1816 1432 atque

439 1456 502 1502 30
540 1451 814 1520 ingustata
836 1450 970 1502 mihi
994 1454 1304 1519 porrexerat
1326 1447 1421 1502 ilia
1440 1447 1673 1505 rhombi.

538 1542 663 1607 post
685 1536 788 1588 hoc
812 1553 897 1588 me
923 1534 1134 1600 docuit,
1162 1523 1431 1604 melimela
1451 1532 1643 1586 rubere
1667 1534 1925 1588 minorem

536 1623 605 1675 ad
628 1622 812 1675 lunam
838 1621 1073 1686 delecta3
1113 1619 1245 1691 quid
1269 1619 1372 1673 hoc
1397 1618 1626 1684 intersit,
1662 1619 1728 1672 ab
1752 1619 1869 1691 ipso

536 1706 769 1760 audieris
792 1706 1009 1760 melius.
1047 1713 1164 1760 tum
1188 1705 1439 1759 Vibidius
1463 1704 1774 1759 Balatroni=

538 1808 680 1856 „nos
704 1791 810 1844 nisi
835 1791 1089 1844 damnose
1112 1791 1365 1858 bibimus,
1394 1791 1682 1845 moriemur
1704 1790 1865 1845 inulti
1881 1796 1946 1858 ;“

436 1882 498 1928 35
537 1883 595 1930 et
617 1875 806 1929 calices
829 1875 1005 1946 poscit
1026 1875 1272 1930 maiores.
1310 1885 1515 1932 vertere
1540 1878 1712 1948 pallor

534 1969 652 2027 tum
674 1961 894 2030 parochi
916 1961 1123 2027 faciem,
1152 1962 1230 2015 nil
1255 1963 1330 2017 sic
1355 1965 1645 2019 metuentis
1669 1970 1731 2018 ut
1752 1981 1902 2019 acres

533 2053 768 2117 potores,
798 2047 885 2100 vel
908 2048 1054 2117 quod
1075 2048 1406 2107 maledicunt
1429 2051 1668 2116 liberius,
1697 2049 1783 2104 vel

532 2131 740 2185 fervida
762 2122 909 2202 quod
933 2133 1130 2189 subtile
1156 2136 1452 2190 exsurdant
1474 2136 1601 2192 vina
1622 2136 1880 2207 palatum.

533 2218 810 2272 invertunt
831 2218 1082 2272 Allifanis
1107 2220 1311 2275 vinaria
1334 2228 1451 2276 tota
1671 2283 1676 2286 ⁴

428 2309 495 2355 40
520 2303 781 2357 *Vibidius
806 2305 1148 2377 Balatroque,
1178 2308 1683 2373 secutisomnibum
1721 2308 1817 2361 imi

532 2390 787 2445 convivae
810 2390 937 2445 lecti
961 2392 1189 2457 nihilum
1213 2410 1445 2449 nocuere
1470 2393 1695 2465 lagenis.
1737 2434 1741 2438 Α

502 2543 507 2546 ἢ
526 2476 766 2531 Affertur
789 2478 1011 2549 squillas
1034 2480 1175 2534 inter
1197 2497 1453 2534 muraena
1476 2487 1722 2534 natantes

526 2562 584 2616 in
609 2563 794 2633 patina
814 2572 1078 2637 porrecta.
1115 2565 1217 2619 sub
1241 2565 1344 2619 hoc
1369 2565 1563 2619 herust
1601 2565 1779 2631 „haec
1802 2563 2066 2636 gravida“
2091 2562 2289 2635 inquit,

528 2655 731 2719 „capta
752 2658 863 2715 est,
899 2651 1132 2714 deterior
1153 2658 1278 2721 post
1300 2659 1514 2722 partum
1540 2669 1697 2705 carne
1720 2653 1919 2706 futura.

426 2739 491 2784 45
529 2734 615 2788 his
638 2735 869 2790 mixtum
893 2739 979 2790 ius
1004 2743 1115 2791 estz
1155 2737 1293 2803 olen,
1323 2737 1471 2808 quod
1495 2738 1667 2808 prima
1690 2737 1909 2791 Venafri

525 2819 720 2890 pressit
744 2820 878 2874 cella
891 2845 905 2886 3
944 2840 1074 2892 garo
1099 2822 1166 2876 de
1192 2823 1334 2877 sucis
1358 2823 1519 2894 piscis
1545 2824 1765 2889 Hiberi3

521 2904 649 2958 vino
675 2906 1028 2976 quinquenni,
1062 2926 1247 2964 verum
1273 2909 1408 2962 citra
1429 2926 1575 2963 mare
1599 2916 1747 2975 nato,

523 2988 652 3043 dum
678 2991 952 3060 coquitur3
995 3001 1147 3048 cocto
1174 2994 1371 3051 Chium
1396 2995 1472 3049 sic
1498 2995 1766 3061 convenit,
1796 3002 1859 3049 ut
1882 3013 1994 3049 non

522 3075 627 3128 hoc
649 3077 823 3147 magis
847 3077 1019 3131 ullum
1043 3078 1220 3146 aliud3
1259 3081 1446 3152 pipere
1469 3081 1593 3136 albo
1618 3098 1727 3137 non
1753 3081 1869 3135 sine
1892 3087 2070 3147 aceto,

521 3287 607 3345 <18
645 3280 812 3341 miras.)
886 3286 948 3332 22
986 3302 1112 3349 quos.
1184 3289 1248 3336 23
1275 3306 1427 3353 supra.
1499 3292 1563 3338 24
1590 3295 1738 3341 semel.
1812 3293 1875 3338 24
1902 3295 2153 3342 ahsorbere.
2224 3293 2287 3340 25
2313 3297 2372 3341 ad

384 3357 508 3403 haec.
577 3355 642 3401 29
679 3358 870 3417 passeris
895 3359 982 3402 assi
1006 3366 1064 3403 et.
1136 3356 1199 3403 30
1235 3365 1499 3420 porrexerit.
1588 3363 1648 3408 31
1686 3371 1786 3424 post
1808 3364 1931 3410 haec.
2020 3363 2082 3409 34
2119 3367 2369 3410 moriamur.

386 3424 449 3471 35
488 3434 688 3486 poscunt.
761 3423 827 3469 40
865 3426 1060 3472 omnihus
1084 3427 1194 3474 imis.
1267 3429 1330 3474 44
1369 3446 1501 3478 earne
1526 3434 1681 3479 soluta.
1756 3431 1821 3477 46
1859 3433 1913 3481 de
1938 3434 2051 3480 fucis
2076 3458 2144 3468 —
2169 3434 2296 3479 Iberi.
