2667 3809
384 294 487 346 296
1115 306 1530 348 EPIsroLAmm
1556 294 1665 347 ΙΙΙ.

521 452 579 498 et
601 445 744 500 vitae
768 451 1069 499 monstrata
1092 445 1182 500 via
1205 453 1306 511 est,
1337 454 1393 500 et
1416 445 1593 517 gratia
1614 463 1806 517 regum

383 536 489 582 405
525 530 721 585 Pieriis
747 536 959 585 tentata
980 531 1177 597 modis,
1206 531 1480 604 ludusque
1502 539 1753 603 repertus

522 622 578 669 et
599 616 894 687 longorum
919 633 1145 687 operum
1169 617 1323 671 finis:
1363 635 1435 671 ne
1458 618 1599 672 forte
1622 617 1821 688 pudori

519 701 594 755 sit
616 702 721 755 tibi
744 702 909 755 Musa
929 703 1080 772 lyrae
1104 701 1295 755 sollers
1321 709 1378 755 et
1402 709 1591 757 cantor
1612 702 1833 774 Apollo,

519 786 735 840 Natura
757 786 913 840 fieret
934 786 1209 840 laudabile
1233 805 1467 852 carmen,
1499 795 1726 853 an.arte‚

521 871 829 942 quaesitum
853 879 954 926 est.
995 890 1097 943 ego
1122 890 1222 926 nec
1247 873 1492 926 studium
1518 874 1636 926 sine
1661 871 1832 925 divite
1859 888 2015 936 vena,

381 962 482 1007 410
518 973 619 1009 nec
642 957 779 1010 rude
804 958 939 1030 quid
962 959 1138 1029 possit
1160 958 1320 1012 video
1345 958 1656 1028 ingenium;
1699 957 1925 1011 alterius
1950 958 2029 1010 sic

522 1043 693 1095 altera
716 1044 895 1112 poscit
918 1061 1076 1114 opem
1101 1062 1187 1098 res
1212 1050 1269 1097 et
1293 1043 1543 1097 coniurat
1566 1044 1756 1097 amice.

522 1127 620 1198 qui
642 1128 831 1182 studet
852 1136 1094 1199 optatam
1122 1147 1283 1183 cursu
1309 1129 1628 1199 contingere
1651 1136 1870 1193 metam,

517 1214 694 1268 multa
717 1214 849 1269 tulit
871 1215 1108 1286 fecitque
1134 1231 1286 1286 puer,
1318 1214 1537 1268 sudavit
1561 1221 1618 1266 et
1639 1212 1783 1277 alsit,

519 1298 787 1353 abstinuit
809 1318 1006 1354 venere
1031 1307 1087 1355 et
1109 1301 1256 1355 vino.
1297 1301 1392 1370 qui
1416 1299 1616 1370 Pythia
1639 1305 1823 1352 cantat

379 1390 483 1435 415
522 1383 743 1450 tibicen,
774 1385 967 1439 didicit
990 1386 1142 1456 prius
1168 1386 1530 1456 extimuitque
1552 1383 1892 1454 magistrum.

517 1487 617 1523 nec
641 1470 774 1524 satis
798 1479 884 1525 est
907 1471 1144 1525 dixisset
1185 1488 1334 1541 „ego
1359 1470 1497 1523 mira
1519 1476 1771 1539 poemata
1793 1483 2006 1538 pang03

517 1561 747 1626 occupet
771 1563 1071 1609 extremum
1097 1557 1330 1622 scabies3
1371 1555 1507 1608 mihi
1534 1564 1695 1624 turpe
1725 1553 1968 1624 relinqui*
1987 1561 2078 1608 est

516 1647 575 1694 et
598 1641 747 1712 qnod
768 1658 879 1694 non
905 1641 1091 1708 didici,
1122 1659 1251 1696 sane
1275 1641 1485 1694 nescire
1508 1640 1735 1694 fateri.“

517 1727 594 1781 Ut
616 1742 828 1796 praece,
857 1728 929 1780 ad
952 1744 1156 1782 merces
1180 1728 1395 1781 turbam
1422 1726 1518 1796 qui
1542 1725 1692 1795 cogit
1715 1724 1990 1788 emendas,

377 1818 480 1867 420
517 1818 880 1866 assentatores
905 1812 1060 1866 iubet
1083 1813 1153 1865 ad
1175 1812 1390 1865 lucrum
1415 1813 1492 1864 ire
1516 1816 1680 1881 poeta

516 1898 667 1952 dives
691 1896 856 1966 agris,
886 1897 1037 1952 dives
1062 1896 1256 1967 positis
1280 1897 1339 1949 in
1364 1897 1551 1950 fenore
1575 1895 1848 1948 nummis..

514 1981 562 2035 si
585 1998 715 2036 vero
739 1988 840 2046 est,
868 1988 1095 2034 unctum
1123 1982 1219 2051 qui
1240 1990 1388 2036 recte
1411 1998 1613 2053 ponere
1636 1981 1820 2052 possit*

515 2074 571 2120 et
594 2066 860 2138 spondere
885 2065 993 2120 levi
1016 2084 1116 2136 pro
1139 2083 1379 2138 paupere
1403 2076 1460 2121 et
1483 2067 1690 2137 eripere
1713 2066 1847 2120 atris

515 2151 708 2206 litibus
732 2151 1076 2223 implicitum,
1106 2153 1361 2218 mirabor,
1392 2153 1439 2206 si
1462 2152 1598 2206 sciet
1620 2153 1787 2206 inter-

377 2242 479 2289 425
516 2253 738 2292 noscere
762 2238 1077 2292 mendacem
1101 2255 1401 2308 verumque
1425 2237 1616 2292 beatus
1642 2238 1898 2293 amicum.

513 2330 574 2376 tu
599 2340 698 2377 seu
723 2324 942 2378 donaris
969 2341 1064 2378 seu
1092 2323 1226 2395 quid
1250 2323 1454 2378 donare
1478 2323 1627 2377 voles
1653 2324 1761 2388 cui,

512 2409 688 2464 nolito
713 2411 784 2464 ad
809 2427 996 2463 versus
1020 2409 1124 2463 tibi
1151 2409 1323 2463 factos
1350 2410 1547 2462 ducere
1574 2408 1795 2480 plenum

510 2496 780 2562 laetitiam
820 2495 1075 2550 clamabit
1099 2495 1245 2549 enim
1271 2495 1575 2564 „pulchrel
1617 2495 1789 2549 bene!
1827 2502 1976 2549 reete
1992 2495 2006 2547 l
2025 2499 2063 2525 ‘⁴

511 2581 773 2651 pallescet
792 2599 959 2653 super
980 2582 1086 2646 his,
1115 2581 1278 2634 etiam
1304 2579 1538 2633 stillabit
1559 2580 1746 2634 amicis

372 2671 476 2720 430
513 2684 579 2720 ex
607 2668 781 2722 oculis
803 2686 999 2733 rorem,
1034 2667 1208 2731 saliet,
1241 2665 1438 2719 tundet
1462 2665 1600 2735 pede
1624 2674 1843 2722 terram.

511 2759 576 2806 ut
600 2752 694 2823 qui
720 2752 978 2806 conducti
1001 2753 1221 2822 plorant
1242 2752 1300 2805 in
1323 2752 1533 2815 funere,
1572 2751 1766 2804 dicunt

508 2843 565 2891 et
587 2837 796 2891 faciunt
818 2854 988 2908 prope
1012 2837 1173 2908 plura
1196 2837 1510 2891 dolentibus
1536 2854 1603 2890 ex
1629 2837 1830 2903 animo,
1860 2837 1939 2890 sic

511 2922 717 2976 derisor
743 2938 869 2975 vero
893 2922 1018 2993 plus
1042 2922 1325 2977 laudatore
1350 2929 1620 2976 movetur.

511 3024 667 3077 reges
693 3007 952 3060 dicuntur
973 3008 1164 3064 multis
1190 3025 1384 3078 urgere
1410 3007 1630 3062 culullis

375 3099 476 3144 435
518 3099 575 3145 et
602 3098 858 3162 torquere
881 3110 1030 3145 mero
1056 3110 1219 3163 quem
1242 3093 1584 3164 perspexisse
1607 3093 1878 3158 laborant,

510 3233 610 3277 405
649 3240 870 3291 temptata.
955 3233 1053 3278 407
1090 3235 1204 3293 lyra.
1289 3235 1390 3280 409
1430 3251 1532 3281 uon.
1616 3235 1717 3281 410
1757 3239 1911 3295 prosit.
1983 3235 2085 3282 414
2123 3246 2169 3283 et
2195 3238 2395 3284 Baccho.

371 3300 472 3345 416
510 3315 656 3357 nunc3
684 3314 799 3356 non3
828 3314 954 3357 num3
982 3316 1094 3346 nam.
1166 3301 1265 3347 419
1302 3305 1361 3352 Et
1384 3318 1559 3362 praeco.
1621 3299 1730 3348 -422
1769 3301 1888 3351 necte
1913 3306 2007 3364 qui.
2095 3303 2197 3353 423
2236 3309 2394 3364 acrisg

371 3370 498 3413 ariis.
569 3366 670 3412 424
708 3369 834 3412 sciat.
909 3366 1025 3419 (431
1067 3377 1115 3414 ut
1139 3373 1287 3427 quae.)
1360 3369 1459 3415 435
1498 3375 1796 3432 prospexisse.
