2667 3809
354 276 418 324 42

393 430 456 475 95

365 853 459 897 100

364 1277 457 1323 105

1115 281 1456 323 SATIRARUM
1483 270 1528 334 1,
1561 274 1611 323 3.

495 423 797 493 prodiderit
823 424 1105 477 commissa
1126 421 1252 486 fide,
1282 438 1610 492 sponsumve
1633 422 1893 491 negarit?

496 509 634 568 Quis
659 510 809 578 paria
834 526 950 562 esse
973 510 1086 562 fere
1109 508 1315 579 placuit
1338 514 1575 577 peecata,
1607 507 1875 573 laborant,

496 611 619 646 oum
645 595 962 655 rentumad.
985 611 1173 647 verum
1199 600 1310 658 est3
1351 610 1541 646 sensus
1565 607 1852 663 moresque
1876 601 2206 663 repugnant,

495 686 659 748 atque
685 678 802 749 ipsa
824 677 1052 742 utilitas,
1080 678 1214 730 iusti
1237 693 1407 748 prope
1432 685 1604 731 mater
1627 683 1684 730 et
1703 677 1889 747 aequi.

490 762 635 815 Cum
659 771 1046 833 prorepserunt
1067 763 1255 833 primis
1280 761 1537 816 animalia
1564 763 1741 826 terris,

498 852 713 899 mutum
737 854 793 901 et
815 854 975 916 turpe
999 865 1182 916 pecus,
1213 847 1469 917 glandem
1494 853 1657 917 atque
1683 846 1884 899 cubilia
1907 855 2128 917 propter

497 932 774 1001 unguibus
800 939 854 984 et
879 932 1097 1001 pugnis,
1129 932 1253 985 dein
1280 932 1536 995 fustibus,
1565 938 1730 1001 atque
1754 932 1832 984 ita
1855 946 2017 1001 porro

494 1016 816 1086 pugnabant
839 1017 1019 1081 armi&
1051 1034 1188 1086 quae
1211 1024 1340 1087 post
1360 1016 1717 1071 fabricaverat
1737 1032 1891 1081 usne,

495 1102 669 1154 donec
693 1102 874 1166 verba,
905 1101 1105 1171 quibus
1128 1119 1287 1155 voces
1308 1120 1611 1176 sensusque
1635 1106 1907 1165 notarent,

495 1187 824 1257 nominaque
850 1187 1122 1239 invenere.
1163 1186 1364 1239 dehine
1389 1187 1651 1239 absistere
1671 1186 1839 1251 bello,

498 1272 700 1342 oppida
723 1278 1019 1343 coeperunt
1042 1273 1253 1325 munire
1278 1279 1334 1324 et
1359 1289 1562 1341 ponere
1584 1272 1752 1342 leges,

494 1374 563 1408 ne
588 1356 709 1426 quis
733 1358 822 1410 fur
847 1364 989 1410 esset
1011 1374 1120 1410 neu
1145 1357 1284 1410 latro
1310 1375 1418 1410 neu
1445 1358 1567 1428 quis
1591 1356 1824 1416 adulter.

493 1440 634 1494 Nam
658 1442 764 1495 fuit
787 1450 914 1495 ante
940 1442 1209 1495 Helenam
1237 1460 1450 1495 cunnus
1475 1442 1752 1496 teterrima
1773 1441 1906 1495 belli

442 1535 446 1540 '
496 1542 673 1590 causa,
703 1527 800 1579 sed
824 1527 1028 1597 ignotis
1053 1527 1334 1596 perierunt
1357 1527 1625 1580 mortibus
1648 1527 1749 1591 illi,

362 1701 457 1745 110

364 2124 458 2170 115

359 2549 454 2595 120

358 2972 453 3018 125

495 1627 632 1679 quos
657 1628 912 1684 venerem
933 1612 1193 1664 incertam
1217 1611 1490 1680 rapientes
1514 1629 1663 1665 more
1687 1613 1924 1665 ferarum

496 1696 702 1748 viribus
727 1695 925 1748 editior
950 1695 1210 1749 caedebat
1232 1697 1379 1752 utin
1403 1713 1570 1766 grege
1600 1703 1807 1749 taurus.

495 1778 626 1831 Iura
650 1780 873 1833 inventa
895 1787 1046 1833 metu
1071 1781 1262 1834 iniusti
1285 1780 1487 1835 fateare
1511 1797 1729 1833 neeesse
1753 1788 1852 1846 est,

495 1870 740 1933 tempora
764 1865 809 1916 si
833 1864 1111 1935 fastosque
1135 1864 1270 1919 velis
1296 1865 1543 1919 evolvere
1567 1866 1779 1919 mundi.

494 1966 595 2001 neo
619 1955 814 2001 natura
837 1956 1019 2019 potest
1042 1951 1189 2004 iusto
1215 1967 1492 2005 secernere
1516 1952 1785 2022 iniquum,

495 2034 692 2088 dividit
716 2041 780 2088 ut
802 2034 947 2087 bona
972 2035 1215 2102 diversis,
1244 2036 1507 2106 fugienda
1529 2037 1812 2106 petendis;

497 2137 599 2172 neo
623 2120 805 2174 vincet
827 2120 965 2173 ratio
989 2121 1113 2185 hoc,
1137 2122 1459 2175 tantundem
1484 2127 1549 2174 ut
1571 2129 1760 2191 peccet
1781 2121 2036 2191 idemque

494 2203 590 2275 qui
613 2211 829 2258 teneros
855 2205 1039 2259 caules
1059 2206 1224 2259 alieni
1248 2206 1476 2276 fregerit
1499 2206 1663 2270 horti,

494 2295 551 2342 et
576 2290 670 2359 qui
694 2296 995 2344 nocturnus
1019 2308 1170 2344 sacra
1193 2290 1380 2344 divum
1412 2290 1625 2360 legerit.
1667 2290 1813 2344 adsit

493 2373 701 2443 regula,
730 2374 965 2445 peccatis
991 2392 1130 2445 quae
1154 2392 1358 2445 poenas
1381 2377 1587 2445 irroget
1610 2392 1827 2446 aequas,

493 2477 563 2513 ne
589 2459 797 2514 scutica
820 2460 1049 2530 dignum
1074 2460 1323 2513 horribili
1350 2467 1553 2514 sectere
1574 2460 1812 2530 flagello.

489 2544 633 2599 Nam
660 2552 722 2599 ut
743 2546 919 2599 ferula
942 2546 1133 2599 caedas
1158 2544 1420 2597 meritum·
1436 2546 1642 2598 maiora
1667 2546 1849 2599 subire

491 2630 731 2695 verbera,
761 2648 874 2683 non
898 2647 1104 2695 vereor,
1133 2646 1256 2682 oum
1282 2629 1429 2682 dicas
1445 2647 1572 2683 esse
1593 2647 1753 2700 pares
1774 2648 1861 2684 res

490 2713 637 2767 furta
660 2715 978 2781 latrociniis,
1013 2725 1070 2768 et
1093 2714 1308 2784 magnis
1332 2731 1499 2784 parva
1519 2715 1742 2769 mineris

490 2798 629 2851 falce
652 2800 950 2853 recisurum
975 2800 1140 2853 simili
1163 2807 1238 2864 te,
1269 2800 1318 2853 si
1341 2800 1444 2854 tibi
1467 2817 1699 2870 regnum

489 2884 809 2952 permittant
832 2885 1099 2940 homines.
1149 2884 1213 2938 Si
1236 2885 1407 2950 dives,
1437 2886 1531 2955 qui
1556 2886 1771 2956 sapiens
1795 2893 1895 2952 eat,

494 2975 549 3021 et
572 2974 726 3021 sutor
750 2970 927 3023 bonus
952 2978 1009 3024 et
1032 2970 1181 3023 solus
1205 2971 1475 3042 formosus
1502 2979 1558 3024 et
1581 2979 1665 3026 est
1686 2989 1784 3026 rex
1804 2991 1818 3026 ε

493 3071 589 3107 cur
612 3060 768 3124 optas
794 3054 943 3124 qnod
965 3054 1173 3109 habes?
1212 3056 1396 3120 ·,‚Non
1420 3056 1594 3122 nosti,
1623 3058 1758 3128 quid
1781 3062 1977 3128 pater“
2004 3057 2204 3128 inquit,

492 3138 873 3209 „chrysippus
896 3140 1074 3194 dicata
1115 3140 1331 3209 sapiens
1358 3142 1602 3212 crepidas
1628 3142 1733 3194 sibi
1755 3158 2035 3212 nunquam

493 3329 557 3375 95
596 3344 909 3392 sponsumque.
1001 3331 1098 3377 106
1137 3347 1193 3377 ne
1215 3336 1315 3393 quis
1341 3335 1531 3381 adulter.
1607 3334 1703 3378 107
1743 3335 1993 3381 deterrima.
2069 3336 2191 3391 (116
2228 3339 2370 3383 infre—

349 3399 504 3456 gerit.)
583 3400 678 3444 117
714 3402 858 3449 divum
883 3414 1026 3447 sacra.
