2667 3809
398 226 462 276 58
1154 238 1491 280 sumnum
1516 226 1564 290 I,
1595 230 1644 278 5.

538 386 770 433 setosam
793 378 933 434 laevi
956 380 1189 435 frontem
1212 386 1523 450 turpaverat
1545 379 1671 433 oris.

541 465 870 535 Campanum
895 466 953 519 in
975 466 1222 520 morbum
1237 505 1251 530 ,
1279 467 1338 519 in
1361 465 1553 520 faciem
1576 465 1845 537 permulta
1866 465 2094 533 iocatus,

544 558 815 621 pastorem
839 549 1060 605 saltaret
1083 552 1165 605 uti
1190 552 1427 624 Cyclopa
1449 552 1709 623 rogabat3

541 635 618 688 nil
643 635 725 688 illi
749 636 895 691 larva
917 643 1014 691 aut
1036 638 1257 708 tragicis
1280 656 1419 710 opus
1443 657 1560 693 esse
1590 637 1888 692 cothurnis.

443 726 508 772 65
546 721 727 774 Multa
752 721 984 777 Cicirrus
1009 723 1077 776 ad
1103 724 1234 777 haec
1251 744 1285 778 ε,
1305 724 1561 778 donasset
1580 724 1760 778 iamne
1784 730 2027 778 catenam

541 825 609 860 ex
635 815 762 862 voto
786 808 1034 873 Laribus,
1065 810 1387 879 quaerebat3
1427 810 1602 864 scriba
1626 810 1773 880 quod
1796 816 1955 875 esset,

539 894 712 947 nihilo
738 894 975 948 deterius
999 894 1248 950 dominae
1272 896 1359 950 ius
1384 914 1518 951 esse.
1551 896 1780 967 rogabat

543 979 792 1050 denique,
824 997 917 1033 cur
941 998 1180 1051 unquam
1204 980 1464 1051 fugisset,
1494 982 1582 1035 cui
1605 981 1735 1035 satis
1759 998 1868 1035 una

542 1065 706 1120 farris
721 1066 860 1119 libra
882 1065 1022 1119 foret
1036 1106 1050 1131 ,
1080 1066 1267 1136 gracili
1290 1068 1369 1121 sic
1393 1075 1609 1138 tamque
1633 1066 1852 1136 pusillo.

443 1157 505 1203 70
543 1152 768 1205 Prorsus
793 1152 1028 1206 iucunde
1053 1169 1274 1206 coenam
1297 1153 1653 1223 produximus
1678 1152 1844 1207 illam.

541 1237 836 1293 Tendimus
857 1239 985 1292 hinc
1007 1245 1154 1293 recta
1177 1240 1567 1303 Beneventum,
1597 1239 1694 1293 ubi
1715 1238 1939 1293 sedulus
1961 1239 2159 1310 hospes

542 1340 712 1392 paene
736 1341 944 1378 macros
970 1325 1100 1378 arsit
1123 1325 1255 1378 dum
1277 1325 1468 1378 turdos
1492 1332 1670 1378 versat
1692 1324 1748 1378 in
1774 1325 1911 1395 igni.

542 1426 670 1462 nam
694 1428 832 1481 vaga
853 1428 949 1480 per
973 1416 1206 1464 veterem
1233 1410 1441 1480 dilapso
1463 1410 1678 1464 flamma
1702 1410 1937 1464 culinam

542 1495 785 1549 Vulcano
810 1514 1080 1551 summum
1103 1494 1426 1567 properabat
1449 1495 1683 1549 lambere
1707 1502 1931 1549 tectum.

445 1588 504 1632 75
545 1581 808 1637 Convivas
832 1581 1018 1636 avidos
1046 1599 1265 1637 coenam
1292 1599 1579 1654 servosque
1609 1581 1861 1636 timentes

543 1673 660 1720 tum
684 1685 872 1738 rapere
896 1674 1059 1737 atque
1084 1684 1268 1721 omnes
1292 1668 1629 1739 restinguere
1653 1667 1791 1721 velle
1814 1666 2042 1722 videres.

544 1753 747 1824 Incipit
770 1771 837 1807 ex
863 1752 957 1806 illo
980 1760 1192 1806 montes
1215 1754 1418 1825 Apulia
1440 1762 1601 1809 notos

543 1845 816 1892 ostentare
841 1839 1004 1903 mihi,
1036 1856 1170 1909 quos
1196 1846 1367 1893 torret
1389 1839 1640 1893 atabulus
1664 1844 1720 1893 et
1743 1856 1878 1910 quos

543 1940 820 1993 nunquam
845 1941 1167 1994 erepsemus‚
1196 1925 1303 1979 nisi
1326 1943 1426 1979 nos
1451 1926 1627 1980 vicina
1649 1925 1847 1980 Trivici

445 2014 507 2059 80
544 2008 673 2062 villa
696 2009 985 2080 recepisset
999 2049 1012 2076 ‚
1040 2011 1322 2066 lacrimoso
1346 2029 1458 2065 non
1481 2012 1598 2064 sine
1621 2010 1789 2075 sume,

546 2094 682 2148 udos
707 2112 830 2148 cum
853 2095 998 2150 foliis
1021 2114 1196 2151 ramos
1220 2104 1411 2151 urente
1437 2096 1666 2150 camino.

543 2180 654 2233 Hic
679 2198 780 2252 ego
805 2183 1114 2237 mendacem
1140 2183 1490 2238 stultissimus
1512 2200 1685 2252 usque
1709 2181 1947 2252 puellam

543 2267 614 2319 ad
636 2268 867 2321 mediam
892 2277 1105 2323 noctem
1129 2277 1414 2340 exspect03
1455 2285 1675 2322 somnus
1701 2276 1880 2322 tamen
1904 2267 2080 2323 aufert

543 2352 815 2407 intentum
838 2354 1064 2408 Veneri:
1103 2362 1219 2408 tum
1243 2354 1524 2408 immundo
1548 2355 1757 2409 somnia
1779 2355 1899 2409 visu

460 2446 522 2492 85
558 2449 875 2494 nocturnam
900 2451 1103 2497 vestem
1127 2441 1403 2494 maculant
1426 2445 1774 2510 ventremque
1798 2440 2070 2510 supinum.

545 2528 819 2588 Quattuor
839 2527 967 2581 hinc
990 2527 1227 2598 rapimur
1250 2525 1449 2595 viginti
1472 2532 1527 2579 et
1548 2526 1698 2579 milia
1719 2526 1918 2590 rhedis,

541 2614 782 2668 mansuri
806 2612 1085 2683 oppidu10,
1116 2613 1262 2682 quod
1285 2630 1444 2665 versu
1471 2612 1648 2666 dicere
1671 2630 1782 2667 non
1806 2620 1905 2679 est,

539 2700 707 2771 signis
731 2697 981 2770 perfacile
1006 2704 1118 2752 est:
1157 2698 1305 2752 venit
1328 2698 1587 2752 vilissima
1608 2715 1787 2751 rerum

540 2784 628 2837 hic
651 2801 808 2854 aqua,
838 2783 934 2837 sed
958 2783 1112 2853 panis
1142 2784 1304 2854 longe
1328 2784 1737 2854 pulcherrimus,
1767 2782 1913 2837 ultra

438 2876 501 2922 90
541 2869 768 2922 callidus
793 2876 855 2921 ut
879 2868 1050 2921 soleat
1080 2868 1317 2923 humeris
1342 2877 1554 2939 portare
1579 2869 1768 2934 viator,

536 2972 663 3009 nam
690 2953 889 3008 Canusi
913 2954 1216 3024 lapidosus;
1255 2971 1427 3025 aquae
1451 2971 1561 3007 non
1586 2954 1751 3008 ditior
1775 2971 1911 3008 urna

540 3040 633 3111 qui
657 3038 810 3092 locus
832 3056 865 3091 a
888 3038 1014 3093 forti
1037 3039 1302 3097 Diomede
1327 3047 1411 3093 est
1435 3039 1684 3094 conditus
1709 3041 1857 3094 olim.

536 3124 822 3179 Flentibus
846 3123 935 3177 hic
959 3124 1153 3179 Varius
1178 3126 1410 3180 discedit
1431 3134 1669 3181 maestus
1692 3126 1894 3179 amicis.

539 3269 622 3323 (61
661 3270 745 3316 levi
770 3271 955 3315 frontem
982 3277 1236 3329 turpaverat
1259 3271 1403 3323 orbe.)
1511 3270 1572 3316 67
1611 3272 1737 3317 nullo
1762 3271 1982 3327 deterius3
2021 3271 2214 3316 deterius
2238 3270 2394 3316 nihilo.

406 3337 467 3381 70
504 3339 796 3398 producimus.
894 3336 956 3382 72
994 3353 1132 3398 paene
1156 3342 1281 3397 arsit,
1307 3353 1493 3385 macros.
1593 3338 1655 3384 72
1693 3342 1823 3399 igno3
1850 3342 2009 3397 ignem.
2099 3338 2161 3383 73
2197 3340 2395 3399 delapso.

405 3406 466 3450 77
502 3408 708 3467 Appulia.
783 3405 844 3452 89
882 3407 1015 3467 longe
1045 3409 1172 3468 panis
1198 3430 1259 3441 —
1286 3409 1422 3455 ultro.
1494 3407 1553 3454 91
1595 3409 1783 3454 dulcior.
1856 3406 1919 3451 93
1957 3408 2060 3454 hinc
2087 3430 2147 3442 —
2174 3409 2394 3455 disceait.
