2667 3809
432 257 499 311 68
1186 265 1521 307 sumnam
1546 252 1592 317 1,
1626 256 1673 305 7.

569 423 738 464 coena
758 407 1095 461 ministratur
1116 406 1299 477 pueris
1325 406 1515 470 tribus,
1545 413 1601 459 et
1621 404 1761 475 lapis
1784 404 1940 457 albus

569 494 765 566 poeula
789 509 911 547 oum
936 492 1130 563 cyatho
1155 493 1264 545 duo
1288 491 1548 556 sustinet;
1589 492 1769 545 adstat
1789 492 2015 545 echinus

569 581 710 645 vilis,
740 595 861 633 oum
887 585 1071 649 patera
1095 585 1302 648 guttas,
1333 579 1603 648 Campana
1626 578 1887 647 supellex.

570 666 766 720 deinde
788 679 855 718 eo
880 665 1190 728 dormitum,
1225 675 1336 717 non
1359 661 1625 718 sollicitus
1648 661 1783 717 mihi
1806 662 1954 733 quod
1975 677 2095 715 oras

438 759 534 806 120
572 751 904 822 surgendum
930 750 1002 803 sit
1024 765 1198 813 mane,
1228 750 1514 803 obeundus
1538 750 1771 820 Marsya,
1802 748 1896 819 qui
1920 765 1977 801 se

571 838 784 893 vultum
808 837 946 889 ferre
968 841 1134 905 negat
1155 835 1456 888 Noviorum
1479 849 1637 905 posse
1660 835 1902 888 minoris.

571 923 639 977 ad
664 929 909 993 quartam
932 922 1080 974 iaceo
1101 943 1114 984 ς
1153 928 1278 991 post
1301 922 1441 973 hano
1465 935 1650 991 vagor,
1687 928 1784 974 aut
1805 937 1925 991 ego,
1954 921 2097 974 lecto

568 1015 667 1062 aut
690 1008 891 1078 scripto
917 1007 1063 1077 quod
1086 1024 1172 1060 me
1196 1006 1423 1059 tacitum
1447 1006 1624 1072 iuvet,
1655 1023 1872 1076 unguor
1893 1007 2055 1070 olivo,

567 1112 680 1148 non
707 1109 813 1164 quo
838 1092 1100 1145 fraudatis
1123 1092 1435 1145 immundus
1458 1092 1627 1146 Natta
1657 1092 1906 1146 lucernis..

439 1187 533 1233 125
569 1188 656 1234 ast
678 1180 774 1234 ubi
796 1193 883 1231 me
907 1178 1107 1231 fessum
1131 1178 1212 1231 sol
1237 1178 1409 1231 acrior
1431 1178 1509 1231 ire
1532 1178 1769 1232 lavatum

572 1265 882 1330 admonuit,
911 1264 1065 1334 fugio
1090 1277 1338 1334 eampum
1363 1264 1649 1334 lusumque
1673 1267 1960 1334 wigonem.

570 1369 799 1423 pransus
824 1365 933 1404 non
960 1352 1133 1415 avide,
1164 1357 1428 1421 quantum
1452 1350 1759 1421 interpellet
1781 1350 1931 1403 inani

571 1445 760 1492 ventre
785 1438 928 1490 diem
952 1437 1163 1501 durare,
1194 1436 1521 1490 domesticus
1546 1437 1704 1489 otior.
1756 1434 1907 1489 Haeo
1932 1444 2016 1489 est

569 1526 684 1579 vita
706 1524 1008 1577 solutorum
1032 1525 1227 1577 misera
1250 1522 1546 1577 ambitione
1571 1523 1847 1593 gravique.

439 1617 535 1662 130
569 1610 656 1663 his
679 1627 766 1662 me
788 1610 1040 1673 consolor
1063 1610 1331 1662 victurum
1358 1608 1577 1662 suavius
1601 1626 1662 1661 ao
1688 1610 1734 1662 si

571 1703 823 1767 quaestor
846 1713 979 1750 avus
1002 1703 1155 1765 pater
1177 1703 1340 1765 atque
1365 1711 1517 1749 meus
1540 1704 1871 1765 patruusque
1894 1691 2102 1748 fuisset.
2151 1710 2160 1720 ·

1352 2042 1509 2106 VII.

1259 2195 1607 2249 (Rupilius.)

573 2331 868 2406 Proscripti
891 2329 1060 2404 Regis
1084 2331 1274 2405 Rupili
1297 2353 1401 2405 pus
1427 2341 1589 2406 atque
1612 2352 1879 2389 venenum

574 2419 803 2491 hybrida
826 2438 934 2490 quo
960 2428 1116 2490 pacto
1142 2421 1213 2474 sit
1235 2419 1453 2496 Persius
1478 2420 1645 2485 ultu8‚
1676 2420 1867 2490 opinor

574 2506 825 2561 omnibus
851 2514 906 2560 et
928 2505 1089 2579 lippis
1113 2516 1303 2561 notum
1329 2513 1386 2559 et
1410 2504 1717 2559 tonsoribus
1742 2524 1875 2560 esse.

573 2591 790 2646 Persius
814 2591 904 2646 hio
926 2611 1219 2664 permagna
1242 2593 1464 2662 negotia
1488 2591 1638 2645 dives
1661 2591 1897 2645 habebat

509 2684 536 2729 5
576 2677 924 2744 ClaromeniS‚
955 2680 1116 2733 etiam
1140 2680 1264 2733 lites
1290 2697 1412 2732 cum
1438 2675 1592 2749 Rege
1615 2677 1898 2741 molestas;

577 2763 744 2816 durus
770 2764 931 2817 homo
957 2774 1118 2837 atque
1144 2766 1269 2818 odio
1296 2765 1390 2835 qui
1414 2771 1598 2834 posset
1620 2761 1833 2820 vincere
1857 2760 2083 2834 Regem,

578 2848 851 2903 confidens
874 2849 1240 2922 tumidusque,
1270 2851 1405 2903 adeo
1431 2850 1692 2903 sermonis
1715 2852 1898 2917 amari,

577 2933 849 2999 SisennaS,
878 2931 1075 2989 Barros
1101 2944 1163 2990 ut
1187 2937 1339 3008 equis
1364 2943 1730 3007 praecurreret
1752 2935 1909 2991 albis.
1936 2968 2005 2978 —-

577 3020 667 3073 Ad
691 3019 900 3090 Regem
924 3021 1106 3075 redeo.
1142 3031 1428 3094 postquam
1454 3021 1591 3076 nihil
1614 3022 1757 3076 inter
1780 3031 2069 3094 utrumque

480 3111 541 3156 10
579 3106 860 3171 convenit,
887 3136 956 3146 —
978 3103 1082 3160 hoc
1107 3109 1306 3161 etenim
1330 3115 1459 3161 sunt
1483 3125 1668 3161 omnes
1691 3108 1807 3162 iure
1831 3110 2063 3176 molesti,

586 3283 680 3328 117
717 3284 888 3330 echino.
979 3284 1073 3330 123
1108 3288 1242 3332 iuvet.
1316 3285 1416 3332 126
1454 3285 1574 3345 fugio
1598 3285 1760 3332 rabiosi
1785 3294 1980 3347 temporo
2003 3291 2135 3348 signi.
2211 3287 2307 3334 130
2341 3292 2437 3336 vie-

445 3360 585 3397 turus.
660 3350 752 3396 131
794 3354 995 3399 fuissent.
1079 3356 1174 3400 VH.
1215 3355 1238 3399 1
1278 3357 1470 3417 Rapum
1500 3356 1649 3402 nutui.
1723 3353 1751 3399 2
1790 3356 1984 3415 hibrida3
2011 3359 2164 3403 ibrida.
2241 3355 2267 3403 7
2306 3360 2440 3404 tumi-

439 3420 538 3478 dus,
562 3421 688 3467 adeo.
2619 3419 2620 3446 ¹
