2667 3809
264 257 313 293 ὴ
386 245 456 295 54
1141 254 1479 295 summm
1501 240 1549 306 1,
1578 244 1630 294 5.

524 398 596 451 sit
618 396 753 450 mihi
778 426 845 437 —
867 414 994 450 nam
1018 396 1190 451 multo
1215 397 1398 466 plures
1422 413 1609 449 sumus
1628 426 1693 435 -
1719 412 1781 449 ac
1805 394 1978 461 veluti
1999 402 2060 449 te

524 482 716 536 Iudaei
739 499 994 553 cogemus
1018 482 1075 536 in
1098 482 1239 536 hanc
1264 481 1555 535 concedere
1581 481 1813 535 turbam.

1330 774 1416 837 V.

1060 927 1204 978 (lter
1231 927 1708 981 Brundisinum.)

523 1065 822 1135 Egressum
846 1083 1044 1137 magna
1065 1084 1152 1120 me
1178 1067 1392 1137 excepit
1414 1067 1599 1122 Aricia
1620 1068 1798 1121 Roma

524 1151 760 1222 hospitio
785 1152 997 1208 modico
1011 1176 1025 1218 3
1053 1183 1123 1193 ——·
1144 1154 1331 1207 rhetor
1356 1170 1533 1206 comes
1558 1153 1909 1218 Heliodorus,

525 1236 852 1291 Graecorum
875 1239 1039 1309 longe
1064 1239 1426 1304 doctissimus,
1456 1270 1523 1280 -—
1547 1238 1674 1293 inde
1700 1239 1902 1293 Forum
1926 1240 2095 1309 Appi,

526 1323 796 1377 differtum
822 1325 1004 1379 nautis
1031 1323 1365 1395 cauponibus
1390 1331 1552 1398 atque
1577 1325 1846 1397 maligniS.

457 1415 486 1459 5
525 1408 647 1461 Hoc
671 1408 775 1462 iter
797 1409 981 1479 ignavi
1007 1409 1303 1475 divisimus,
1334 1411 1498 1465 altius
1523 1429 1585 1465 ac
1609 1429 1708 1465 nos

522 1495 840 1565 praecinctis
865 1511 1068 1550 unumx
1105 1495 1286 1548 minus
1311 1503 1393 1549 est
1417 1498 1596 1566 gravis
1620 1496 1799 1568 Appia
1830 1495 2017 1550 tardis.

526 1579 635 1633 Hic
660 1598 762 1651 ego
786 1587 1006 1652 propter
1030 1597 1251 1652 aquam,
1284 1581 1431 1651 quod
1456 1589 1572 1636 erat
1595 1583 1897 1648 deterrima,
1936 1580 2116 1637 ventri

523 1665 704 1719 indico
730 1657 961 1730 bellum,
992 1674 1280 1720 coenantes
1305 1668 1453 1722 haud
1478 1669 1655 1721 animo
1681 1685 1853 1738 aequo

527 1757 843 1822 exspectans
870 1753 1109 1805 comiteS.
1161 1753 1278 1805 Iam
1302 1771 1414 1806 nox
1439 1754 1695 1807 inducere
1720 1753 1876 1807 terris

426 1842 488 1887 10
527 1835 745 1889 umbras
770 1843 826 1889 et
849 1837 998 1890 coelo
1024 1837 1323 1891 diffundere
1351 1838 1506 1908 signa
1528 1839 1782 1909 parabat:

526 1929 642 1974 tum
666 1922 821 1992 pueri
845 1923 1043 1987 nautis,
1073 1922 1254 1993 pueris
1281 1924 1522 1977 convicia
1547 1931 1745 1977 nautae

527 2007 803 2077 ingerere:
846 2009 998 2073 „huc
1024 2008 1266 2078 appelle!
1304 2015 1577 2062 trecentos
1602 2009 1813 2063 inseris.
1854 2008 1957 2062 ohe

525 2094 634 2146 iam
659 2093 787 2147 satis
813 2099 960 2147 est.“
1008 2093 1158 2146 Dum
1182 2111 1272 2148 aes
1298 2095 1553 2165 exigitur,
1583 2095 1712 2149 dum
1737 2094 1886 2148 mula
1908 2093 2129 2164 ligatur,

526 2186 643 2232 tota
665 2179 780 2232 abit
803 2179 953 2232 hora.
1004 2179 1141 2232 Mali
1167 2179 1366 2233 culices
1389 2197 1657 2253 ranaeque
1682 2181 1948 2252 palustres

426 2271 488 2316 15
526 2271 779 2318 avertunt
802 2283 1034 2319 somnos.
1086 2266 1387 2321 Absentem
1413 2274 1475 2320 ut
1499 2273 1682 2319 cantat
1704 2266 1929 2320 amicam

525 2350 697 2403 multa
719 2351 968 2421 prolutus
994 2368 1167 2422 vappa
1192 2358 1358 2404 nauta
1383 2357 1547 2423 atque
1573 2352 1745 2406 viator

526 2431 797 2502 certatim,
827 2437 1047 2490 tandem
1071 2437 1245 2490 fessus
1271 2437 1503 2491 dormire
1529 2437 1702 2492 viator

525 2521 744 2593 incipit,
774 2540 835 2576 ac
857 2522 1052 2576 missae
1078 2529 1292 2592 pastum
1316 2523 1615 2577 retinacula
1638 2522 1816 2575 mulae

525 2617 693 2664 nauta
715 2609 870 2680 piger
893 2626 1023 2662 saxo
1047 2608 1245 2678 religat
1268 2610 1554 2680 stertitque
1588 2608 1833 2679 supinus.

423 2699 488 2746 20
526 2695 752 2764 Iamque
777 2694 892 2748 dies
917 2694 1127 2759 aderat,
1157 2694 1237 2747 nil
1260 2712 1383 2756 cum
1408 2695 1695 2765 procedere
1719 2693 1935 2747 lintrem

528 2779 821 2844 sentimus3
863 2779 1036 2833 donec
1061 2779 1373 2833 cerebrosus
1398 2781 1611 2852 prosilit
1633 2799 1777 2834 unus

524 2881 586 2916 ac
610 2864 788 2916 mulae
812 2870 1117 2934 nautaeque
1140 2874 1304 2935 caput
1325 2866 1650 2936 lumbosque
1675 2866 1884 2936 saligno

524 2949 669 3002 fuste
694 2948 864 3002 dolat.
905 2958 1094 3021 quarta
1116 2951 1209 3004 vix
1234 2952 1452 3004 demum
1477 2953 1798 3023 exponimur
1821 2951 1984 3016 hora3

524 3052 618 3087 ora
638 3052 937 3107 manusque
961 3042 1058 3089 tua
1083 3036 1330 3102 lavimus,
1360 3038 1610 3102 Feronia,
1640 3038 1878 3110 lympha.

425 3125 488 3172 25
527 3119 686 3172 Milia
710 3125 824 3172 tum
849 3122 1030 3191 pransi
1055 3122 1161 3175 tria
1183 3123 1421 3194 repimus
1446 3131 1609 3196 atque
1634 3123 1880 3177 subimus

524 3205 837 3276 impositum
863 3206 1006 3260 saxis
1029 3206 1139 3261 late
1170 3209 1526 3275 candentibus
1550 3211 1761 3263 Anxur.

529 3350 550 3393 1
594 3343 787 3411 accepitg
815 3354 944 3410 cepit.
1035 3350 1063 3396 3
1100 3352 1278 3410 linguae
1303 3355 1596 3401 doctissimus.
1688 3353 1717 3398 6
1755 3356 1884 3398 nimis
1907 3360 1989 3397 est.

389 3415 451 3461 12
488 3419 673 3478 ingeris.
748 3419 809 3464 15
847 3421 1068 3467 absentem
1093 3429 1252 3468 cantat.
1328 3421 1393 3467 20
1431 3438 1526 3470 cum
1551 3425 1629 3469 nil.
1703 3420 1788 3475 (24
1825 3421 2044 3476 lavimur.)

2082 3352 2109 3397 7
2149 3355 2388 3410 teterrima.
