2667 3809
391 272 494 324 274
1117 277 1529 320 nnsmmmuu
1555 265 1663 318 111.

529 421 644 475 Res
669 426 855 491 gestae
878 436 1179 490 regumque
1204 418 1516 489 ducumque
1541 425 1598 472 et
1618 418 1799 472 tristia
1820 417 1967 472 bella

531 523 640 577 quo
665 504 828 558 scribi
851 512 1076 574 possent
1098 523 1342 570 numero,
1373 502 1695 558 monstravit
1720 502 2013 558 Homerus.

435 600 496 643 75
535 590 783 645 versibus
808 591 1085 661 impariter
1108 591 1307 644 iunctis
1333 589 1672 660 querimonia
1694 588 1946 658 primum,

530 682 658 747 post
680 676 841 729 etiam
867 675 1077 729 inclusa
1099 684 1185 730 est
1208 676 1321 729 voti
1347 674 1618 728 sententia
1641 690 1880 744 compos.

535 761 656 833 quis
681 770 863 815 tamen
888 760 1116 830 exiguos
1142 761 1325 830 elegos
1351 759 1592 814 emiserit
1616 765 1823 823 auctor,
1862 794 1869 801 -

530 845 869 917 grammatici
893 852 1103 899 certant
1126 853 1183 900 et
1207 846 1388 899 adhuc
1412 845 1514 898 sub
1539 844 1718 898 iudice
1743 843 1810 897 lis
1835 850 1936 897 est.

532 930 922 985 Archilochum
945 931 1166 1000 proprio
1190 931 1368 984 rabies
1391 930 1621 984 armavit
1644 929 1852 996 iambo;

432 1024 496 1069 80
533 1017 680 1070 hunc
704 1016 848 1070 socci
872 1033 1060 1086 cepere
1085 1017 1277 1085 pedem
1304 1016 1648 1086 grandesque
1672 1015 1946 1080 cothurni,

534 1101 758 1154 alternis
783 1107 970 1172 aptum
995 1101 1334 1154 sermonibus
1361 1107 1417 1153 et
1440 1101 1729 1171 populares

535 1186 840 1240 vincentem
866 1187 1124 1257 strepitus
1150 1193 1206 1240 et
1228 1193 1420 1240 natum
1443 1186 1607 1239 rebus
1631 1184 1876 1254 agendis.

535 1273 699 1326 Musa
724 1273 876 1327 dedit
899 1272 1097 1325 fidibus
1124 1271 1276 1324 divos
1302 1288 1609 1341 puerosque
1632 1270 1860 1323 deorum

536 1364 592 1411 et
614 1356 856 1427 pugilem
882 1357 1141 1411 victorem
1166 1364 1222 1410 et
1245 1374 1446 1426 equum
1473 1354 1765 1411 certamine
1789 1354 2024 1425 primum

436 1451 497 1495 85
536 1451 593 1497 et
615 1443 875 1497 iuvenum
901 1459 1054 1496 curas
1079 1449 1137 1495 et
1160 1441 1331 1497 libera
1357 1441 1485 1494 vina
1508 1440 1726 1494 referre.

536 1529 852 1598 Descriptas
877 1544 1088 1581 servare
1112 1527 1258 1580 vices
1284 1543 1617 1596 operumque
1641 1525 1848 1579 colores

539 1631 635 1667 cur
658 1631 762 1685 ego
787 1613 834 1666 si
858 1630 1069 1683 nequeo
1092 1612 1397 1682 ignoroque
1420 1619 1584 1683 poeta
1607 1611 1850 1665 salutori’

540 1716 636 1752 cur
658 1698 867 1755 nescire
891 1698 1102 1768 pudens
1126 1714 1291 1767 prave
1315 1715 1476 1767 quam
1503 1697 1710 1751 discere
1742 1696 1919 1750 malo?
1982 1714 1987 1719 ·

538 1784 781 1836 versibus
808 1782 1251 1852 exponitragicis
1276 1801 1362 1836 res
1387 1783 1592 1836 comica
1615 1801 1726 1837 non
1751 1781 1899 1845 vult;

436 1874 500 1918 90
536 1867 855 1937 indignatur
878 1867 1008 1920 item
1034 1868 1256 1936 privatis
1282 1887 1346 1922 ac
1370 1887 1538 1941 prope
1567 1886 1725 1922 socco

539 1951 720 2021 dignis
748 1952 1079 2005 carminibus
1103 1954 1309 2006 narrari
1333 1972 1500 2007 coena
1524 1954 1812 2025 Thyestae.

542 2036 761 2106 singula
786 2055 1032 2108 quaeque
1057 2038 1236 2091 locum
1261 2047 1487 2093 teneant
1513 2040 1709 2094 sortita
1732 2039 2003 2093 decenter.

538 2121 814 2175 interdum
838 2128 1018 2175 tamen
1043 2131 1099 2176 et
1122 2140 1311 2178 vocem
1339 2125 1618 2178 comoedia
1640 2124 1802 2189 tollit,

537 2205 819 2278 iratusque
845 2207 1098 2263 Chremes
1124 2210 1338 2263 tumido
1364 2210 1616 2281 delitigat
1639 2227 1760 2274 ore3

439 2296 503 2343 95
541 2297 599 2344 et
620 2292 861 2362 tragicus
884 2293 1204 2366 plerumque
1230 2295 1383 2350 dolet
1405 2313 1652 2350 sermone
1671 2293 1912 2364 pedestri

538 2376 809 2448 Telephus
834 2385 890 2432 et
912 2378 1279 2445 Peleus‚·cum
1304 2397 1511 2451 pauper
1536 2385 1592 2432 et
1615 2379 1772 2432 exsul
1797 2386 2026 2449 uterque

538 2462 756 2533 proiicit
776 2463 1042 2534 ampuilas
1068 2472 1125 2519 et
1146 2464 1547 2536 sesquipedalia
1569 2466 1750 2531 verba,

537 2547 585 2601 si
609 2555 765 2602 curat
788 2566 880 2603 cor
903 2550 1199 2619 spectantis
1222 2551 1471 2622 tetigisse
1495 2551 1734 2621 querela.

535 2632 664 2685 Non
688 2634 821 2687 satis
846 2641 929 2688 est
950 2634 1180 2705 pulchra
1202 2652 1318 2689 esse
1342 2642 1622 2705 poemata3
1661 2637 1844 2691 dulcia
1865 2643 2047 2700 sunto,

407 2721 501 2768 100
539 2723 595 2769 et
618 2734 945 2790 quocunque
970 2720 1156 2774 volent
1178 2720 1421 2774 animum
1444 2722 1709 2776 auditoris
1735 2728 1963 2792 agunto.

538 2808 603 2855 ut
625 2802 931 2858 ridentibus
954 2804 1211 2870 arrident,
1241 2806 1318 2859 ita
1341 2806 1601 2861 flentibus
1622 2809 1829 2862 adsunt

539 2886 763 2942 humani
787 2890 994 2944 vultus.
1032 2890 1076 2944 si
1104 2890 1185 2944 vis
1208 2908 1296 2945 me
1319 2891 1466 2957 flere,
1499 2892 1795 2947 dolendum
1820 2900 1906 2947 est

535 2971 770 3040 primum
794 2973 898 3045 ipsi
922 2975 1054 3040 tibi;
1094 2983 1227 3029 tunc
1250 2984 1350 3031 tua
1373 2995 1459 3031 me
1483 2977 1784 3032 infortunia
1807 2977 2043 3043 laedent,

403 3077 554 3084 -.

535 3132 591 3175 Α.
631 3130 694 3174 74
719 3139 934 3190 possunt3
962 3142 1146 3193 possent
1169 3138 1319 3181 scribi.
1375 3137 1436 3182 76
1463 3140 1590 3183 etiam
1608 3141 1754 3183 iuncta
1773 3147 1868 3195 σοις
1893 3139 2054 3185 iunctis
2077 3142 2183 3185 voti.
2235 3138 2301 3185 92
2330 3137 2416 3183 de-

399 3205 586 3244 centem.
658 3197 740 3242 95.
759 3198 824 3243 96
851 3202 1062 3258 pedestri.
1089 3203 1329 3263 Telephus.
1405 3205 1491 3258 (96
1519 3216 1595 3252 aut
1618 3207 1813 3260 Peleus.)
1886 3205 1952 3250 98
1977 3222 2124 3255 eum.
2200 3209 2295 3254 101
2329 3206 2414 3252 sd-

399 3269 517 3322 sint3
543 3266 718 3312 adflent.
796 3265 891 3310 103
927 3269 1119 3314 laedant.

538 3335 590 3378 B.
631 3333 695 3379 73
732 3335 889 3379 ducum
912 3343 969 3380 et.
1045 3335 1108 3380 79
1143 3339 1474 3399 Archiloquum.
1548 3340 1612 3387 80
1649 3344 1837 3388 coturni.
1909 3342 1972 3387 91
2005 3359 2140 3391 scena
2164 3345 2414 3405 Thyestae.

401 3399 467 3446 96
502 3397 623 3447 exul.
695 3400 758 3445 97
798 3403 969 3459 proicit.
1043 3400 1107 3447 99
1144 3407 1313 3463 pulcra.
1393 3408 1488 3453 100
1523 3411 1813 3469 quodcunque
1837 3412 1988 3458 velint.
