2667 3809
314 258 429 308 ‘200
1033 265 1448 309 EmsroLARuu
1473 254 1521 318 Ι,
1556 257 1637 307 12.

463 407 667 463 idcirco
692 424 886 463 navem
910 413 1061 461 trans
1084 408 1368 477 Aegaeum
1393 423 1539 461 mare
1563 406 1791 461 vendas.

466 492 729 546 incolumi
753 492 982 546 Rhodos
1009 500 1065 553 et
1088 491 1358 562 Mitylene
1382 492 1611 562 pulchra
1633 492 1781 556 facit,
1813 493 1965 562 quod

464 577 700 647 paenula
724 577 977 642 solstitie,
1009 583 1308 647 campestre
1332 577 1606 635 nivalibus
1631 578 1795 643 auris,

465 680 562 733 per
585 663 833 717 brumam
858 662 1086 726 Tiberis,
1115 663 1302 716 sextili
1324 681 1510 719 mense
1535 664 1798 721 caminus.

362 754 427 799 20
466 749 597 802 dum
623 748 753 803 licet
775 765 837 802 ac
861 748 1075 803 vultum
1101 754 1281 802 servat
1306 749 1551 813 Fortuna
1574 749 1892 820 benignum,

462 834 673 889 Romae
698 834 952 891 laudetur
977 833 1168 889 Samos
1193 841 1250 887 et
1274 833 1440 887 Chios
1465 842 1521 886 et
1544 834 1773 888 Rhodos
1797 837 2011 893 absens.

470 919 552 971 Tu
579 936 957 990 quamcunque
984 920 1117 974 deus
1141 920 1245 975 tibi
1266 920 1628 975 fortunaverit
1651 921 1840 976 horam

464 1011 620 1073 grata
644 1021 796 1059 sume
820 1022 1005 1069 manu,
1037 1022 1146 1059 neu
1172 1005 1355 1059 dulcia
1378 1005 1532 1059 differ
1556 1006 1614 1059 in
1638 1024 1861 1072 annum,

463 1095 528 1141 ut
552 1106 879 1159 quocunque
904 1089 1025 1142 loco
1050 1090 1236 1156 fueris,
1266 1092 1468 1145 vixisse
1494 1091 1729 1146 libenter

364 1178 427 1225 25
466 1181 520 1227 te
546 1174 711 1249 dicas.
750 1193 877 1229 nam
902 1177 949 1228 si
972 1176 1112 1229 ratio
1140 1185 1196 1230 et
1218 1177 1511 1246 prudentia
1535 1195 1709 1242 curas,

463 1277 575 1312 non
599 1260 752 1312 locus
780 1261 935 1314 effusi
959 1262 1067 1315 late
1091 1262 1254 1315 maris
1281 1262 1483 1315 arbiter
1507 1263 1703 1328 aufert,

460 1347 687 1411 caelum,
717 1363 829 1398 non
854 1346 1095 1401 animum
1119 1353 1355 1412 mutant,
1386 1347 1480 1417 qui
1505 1355 1656 1400 trans
1680 1366 1826 1401 mare
1853 1357 2096 1402 currunt.

459 1438 684 1485 strenua
707 1448 808 1484 nos
834 1439 1052 1485 exercet
1074 1432 1297 1496 inertia-3
1341 1433 1571 1487 navibus
1598 1439 1761 1503 atque

464 1517 744 1588 quadrigis
768 1517 1004 1586 petimus
1028 1518 1169 1572 bene
1193 1519 1392 1573 vivere.
1445 1519 1593 1588 quod
1616 1519 1775 1589 petis,
1806 1520 1895 1572 hic
1920 1526 2020 1619 est,

358 1607 420 1653 30
460 1610 545 1656 est
568 1602 809 1668 Ulubris,
841 1603 1055 1657 animus
1080 1603 1127 1656 si
1150 1609 1207 1657 te
1232 1621 1345 1657 non
1371 1604 1555 1658 deficit
1577 1622 1809 1676 aequus.

1158 1797 1489 1805 ———-—-—-

1230 1946 1396 2008 XII.

1124 2098 1231 2149 (Αιι
1258 2099 1526 2149 loeium.)

458 2217 751 2271 Fructibus
775 2219 1052 2290 Agrippae
1078 2220 1295 2284 Siculis,
1326 2237 1464 2289 quos
1490 2219 1720 2289 colligis,
1751 2219 1883 2284 Icci‚

455 2302 501 2355 si
524 2309 670 2356 recte
694 2304 906 2369 frueriffi
935 2322 1048 2358 non
1073 2313 1156 2359 est
1181 2313 1244 2358 ut
1268 2306 1426 2375 copia
1448 2305 1621 2358 maior

456 2391 524 2444 ab
549 2389 682 2441 Iove
707 2389 899 2442 donari
922 2391 1094 2460 possit
1117 2391 1240 2445 tibi.
1279 2391 1414 2444 tolle
1440 2386 1719 2462 querelam

455 2492 661 2545 pauper
685 2476 829 2529 enim
854 2494 966 2529 non
992 2485 1092 2542 est,
1123 2478 1212 2531 cui
1235 2495 1418 2530 rerum
1443 2476 1688 2546 suppetit
1712 2493 1863 2529 usus.

386 2567 414 2611 5
453 2560 498 2613 si
521 2561 699 2615 ventri
721 2561 878 2627 bene,
910 2563 957 2616 si
980 2562 1138 2616 lateri
1164 2570 1247 2616 est
1269 2562 1613 2632 pedibusque
1636 2560 1766 2624 tuis,
1796 2560 1876 2613 nil

456 2645 678 2700 divitiae
702 2654 964 2717 poterunt
985 2648 1196 2717 regales
1221 2649 1419 2701 addere
1443 2647 1641 2699 maius.

451 2731 499 2784 si
521 2731 661 2785 forte
687 2734 743 2786 in
768 2733 949 2786 medio
973 2733 1278 2803 positorum
1304 2733 1602 2787 abstemius
1627 2732 1810 2786 herbis

451 2817 590 2871 vivis
616 2824 672 2871 et
694 2818 888 2883 urtica,
918 2819 995 2871 sic
1019 2819 1169 2873 vives
1193 2820 1462 2890 protinus,
1491 2825 1557 2871 ut
1578 2825 1635 2871 te

453 2902 737 2956 confestim
763 2903 1008 2974 liquidus
1032 2904 1285 2958 fortunae
1309 2904 1458 2958 rivus
1484 2903 1728 2967 inauret;

356 2994 414 3038 10
455 2987 541 3040 vel
566 2988 693 3058 quia
717 2996 965 3043 naturam
990 2998 1201 3044 mutare
1225 2989 1458 3060 pecunia
1481 2989 1673 3053 nescit,

641 3082 734 3092 -ὸ-

454 3132 489 3176 1.
532 3130 593 3174 16
620 3135 759 3177 navim
783 3154 850 3165 —
875 3134 1052 3178 vendes.
1117 3132 1179 3177 18
1205 3135 1395 3189 austris3
1424 3133 1562 3178 horis.
1625 3130 1687 3177 20
1714 3139 1776 3177 et.
1836 3129 1900 3176 23
1927 3145 2033 3188 nec3
2061 3146 2133 3178 nc.
2187 3126 2253 3176 24
2281 3140 2332 3178 tu

316 3213 593 3259 quocunque.
633 3223 697 3232 —-
733 3202 833 3245 ΧΠ.
873 3199 912 3244 3
939 3216 966 3246 a
990 3202 1105 3246 love.
1179 3202 1207 3245 5
1246 3202 1502 3259 pedibusve.
1577 3199 1609 3244 8
1643 3203 1707 3246 sic
1731 3202 1842 3246 vivis
1867 3209 2097 3259 protenus.

436 3270 493 3313 11.
536 3267 596 3310 17
636 3270 880 3326 myrtilene.
952 3266 1017 3312 20
1054 3278 1115 3314 et.
1187 3267 1251 3313 23
1291 3283 1389 3314 nec.
1462 3267 1525 3312 26
1563 3270 1738 3314 auffert.
1811 3266 2097 3315 270coelum.
2127 3290 2187 3299 -
2227 3268 2328 3311 ΧΠ.

315 3338 506 3395 Epist.
550 3334 610 3379 12
648 3337 714 3380 ad
753 3338 989 3382 Iccium.
1017 3360 1084 3370 -
1122 3336 1150 3380 6
1188 3338 1387 3382 diviciae.
1462 3335 1490 3380 8
1527 3339 1592 3382 sic
1616 3339 1742 3382 vivis.
1820 3336 1882 3380 10
1923 3345 2100 3382 mutata.

409 3409 485 3451 111.
528 3405 587 3448 17
627 3406 863 3464 mytyleue.
940 3403 1001 3449 19
1038 3405 1220 3464 tyberis.
1293 3402 1359 3448 22
1397 3419 1710 3465 quamcumque
1736 3428 1801 3438 —
1827 3419 1964 3451 oram.
2037 3402 2101 3447 27
2141 3404 2332 3449 coelum.

1984 3624 2011 3649 ῃ
