2667 3809
368 265 471 317 290
1098 261 1514 305 armazonem
1540 248 1649 302 111.

510 411 660 484 quod
683 410 758 464 sit
782 406 1090 477 conscripti,
1122 405 1270 477 quod
1294 403 1492 458 iudicis
1518 401 1774 467 officium,
1806 418 1945 472 quae

376 507 474 553 315
511 504 692 569 partes
716 495 776 548 in
799 493 1006 547 bellum
1029 491 1182 545 missi
1207 490 1379 554 ducis,
1414 489 1507 542 ille
1532 487 1777 558 profecto

512 577 739 637 reddere
765 595 1027 650 personae
1052 578 1155 631 scit
1180 574 1560 632 convenientia
1584 574 1801 643 cuique.

513 666 782 738 respicere
807 663 1082 733 exemplar
1107 661 1251 716 vitae
1275 678 1597 731 morumque
1622 660 1823 713 iubebo

518 755 740 808 doctum
765 750 1094 803 imitatorem
1108 754 1175 801 ·et
1198 747 1350 801 vivas
1375 746 1502 798 hinc
1528 745 1724 798 ducere
1749 761 1928 798 voces.

517 837 795 891 interdum
821 833 1064 904 speciosa
1087 833 1222 887 locis
1246 840 1564 901 morataque
1587 836 1734 883 recte

384 932 482 978 320
520 922 706 977 fabula
727 919 935 975 nullius
958 918 1189 982 veneris,
1220 918 1337 971 sine
1363 917 1602 988 pondere
1626 922 1684 968 et
1706 923 1839 979 arte,

518 1007 731 1063 valdius
752 1005 993 1062 oblectat
1016 1003 1281 1075 populum
1312 1002 1618 1071 meliusque
1642 1008 1903 1066 moratur,

522 1110 685 1165 quam
711 1107 897 1145 versus
921 1089 1111 1159 inopes
1134 1106 1316 1141 rerum
1341 1104 1631 1157 nugaeque
1656 1104 1901 1141 canorae.

525 1179 704 1234 Graiis
728 1175 1028 1246 ingenium,
1061 1174 1238 1227 Graiis
1265 1174 1419 1227 dedit
1443 1190 1536 1226 ore
1558 1174 1796 1227 rotundo

522 1265 688 1319 Musa
711 1262 882 1333 loqui,
911 1267 1124 1331 praeter
1147 1261 1364 1315 laudem
1391 1260 1595 1313 nullius
1619 1259 1815 1313 avaris.

391 1358 487 1404 325
525 1349 762 1405 Romani
786 1347 943 1418 pueri
965 1346 1151 1416 longis
1171 1346 1477 1399 rationibus
1500 1362 1675 1399 assem

525 1436 746 1490 discunt
768 1434 827 1486 in
850 1439 1030 1503 partes
1057 1438 1275 1485 centum
1302 1429 1578 1484 diducere.
1620 1430 1766 1484 dicat

523 1521 668 1574 filius
691 1517 900 1584 Albini,
930 1518 976 1571 si
1002 1518 1070 1571 de
1096 1517 1404 1588 quincunce
1428 1524 1637 1570 remota
1660 1525 1745 1570 est

528 1606 707 1670 uncia,
737 1603 871 1675 quid
896 1604 1154 1674 superat?
1191 1609 1410 1672 poteras
1435 1600 1657 1655 dixisse.
1699 1602 1979 1668 „triens.“
2016 1600 2117 1652 eu!

527 1708 640 1744 rem
664 1690 869 1760 poteris
895 1706 1108 1743 servare
1131 1695 1302 1741 tuam.
1348 1688 1492 1760 redit
1517 1687 1695 1752 uncia,
1727 1687 1861 1758 quid
1885 1686 1983 1740 fit?

393 1782 492 1827 330
531 1776 804 1841 ,‚semis.“
832 1804 898 1814 -—
922 1783 980 1827 at
1003 1774 1136 1827 haec
1161 1774 1371 1827 animos
1394 1771 1599 1844 aerugo
1624 1779 1681 1827 et
1704 1790 1833 1826 cura
1856 1772 2037 1843 peculi

529 1878 653 1913 cum
678 1858 847 1913 semel
871 1859 1146 1923 imbuerit,
1181 1874 1459 1928 speramus
1483 1859 1720 1912 carmina
1746 1857 1880 1928 fingi

529 1961 690 2014 posse
714 1943 938 1996 linenda
961 1945 1120 1997 cedro
1147 1953 1202 1997 et
1225 1944 1332 1998 levi
1358 1945 1622 2000 servanda
1646 1944 1939 2013 cupresso?

529 2030 647 2082 Aut
669 2028 927 2098 prodesse
953 2028 1148 2082 volunt
1171 2036 1267 2082 aut
1292 2016 1561 2084 delectare
1584 2037 1796 2100 poetae,

531 2120 629 2167 aut
651 2112 815 2166 simul
839 2119 895 2167 et
919 2112 1157 2167 iucunda
1181 2121 1236 2168 et
1260 2114 1459 2168 idonea
1482 2115 1660 2168 dicere
1686 2115 1850 2169 vitae.

397 2204 495 2251 335
534 2199 804 2270 quidquid
827 2199 1142 2269 praecipies,
1173 2208 1291 2253 esto
1317 2200 1515 2265 brevis,
1550 2207 1615 2253 ut
1636 2200 1745 2253 cito
1772 2199 1916 2253 dicta

533 2285 839 2356 percipiant
861 2285 1029 2338 animi
1053 2285 1256 2339 dociles
1280 2294 1613 2357 teneantque
1640 2284 1845 2339 fideles.

535 2388 694 2424 omne
720 2387 1114 2441 supervacuum
1137 2371 1301 2441 pleno
1328 2371 1396 2425 de
1420 2379 1640 2441 pectore
1664 2379 1868 2432 manat.

533 2456 660 2510 ficta
683 2456 982 2526 voluptatis
1008 2473 1170 2509 causa
1198 2457 1309 2511 sint
1338 2457 1587 2527 proxima
1610 2457 1779 2522 veris-5

535 2560 604 2595 ne
630 2542 995 2613 quodcunque
1012 2542 1168 2596 volet
1189 2550 1379 2612 poscat
1403 2541 1509 2596 sibi
1533 2543 1719 2597 fabula
1742 2543 1905 2608 credi,

403 2632 500 2679 340
537 2645 646 2681 neu
670 2645 898 2698 pransae
922 2628 1144 2682 Lamiae
1168 2630 1355 2683 vivum
1378 2646 1610 2699 puerum
1635 2629 1886 2683 extrahat
1912 2628 2057 2722 alvu.

539 2714 815 2768 centuriae
838 2713 1114 2767 seniorum
1137 2714 1352 2784 agitant
1376 2715 1621 2785 expertia
1642 2715 1835 2785 frugiS,

539 2799 670 2852 celsi
694 2806 1043 2869 praetereunt
1065 2807 1283 2853 austera
1305 2807 1559 2869 poemata
1579 2801 1849 2865 Ramues3

542 2900 702 2936 omne
725 2884 856 2938 tulit
878 2892 1144 2955 punctum
1170 2886 1265 2956 qui
1295 2885 1516 2940 miscuit
1540 2886 1675 2940 utile
1702 2886 1867 2950 dulci,

540 2967 798 3021 lectorem
823 2969 1143 3023 delectando
1168 2971 1478 3042 pariterque
1502 2965 1795 3025 monendo.

541 3128 596 3171 Α.
636 3125 735 3172 318
772 3142 916 3175 veras.
991 3129 1089 3176 319
1128 3135 1250 3178 iocis.
1327 3132 1425 3177 323
1454 3135 1598 3179 Grais.
1672 3132 1771 3178 326
1797 3134 2031 3179 deducere.
2105 3129 2224 3184 (326
2254 3130 2419 3184 dicas.)

405 3192 504 3239 327
531 3195 704 3240 Albani.
779 3193 878 3240 328
914 3208 1112 3258 poten-au
1140 3205 1326 3259 potet-iu
1357 3204 1578 3261 (poteris).
1654 3201 1750 3247 330
1777 3216 1861 3260 an3
1888 3202 1959 3247 ad.
2034 3199 2129 3245 331
2167 3213 2418 3259 sl’ssffimffl·

407 3259 505 3306 339
545 3276 626 3308 nec
651 3285 717 3295 —
743 3264 859 3308 velit.
934 3265 1031 3309 342
1067 3269 1301 3316 Rhamnes.
1377 3269 1475 3315 344
1512 3272 1737 3316 movendo.

545 3332 596 3375 B.
637 3328 736 3375 318
774 3335 1061 3389 ymitatorem.
1156 3335 1254 3381 323
1293 3340 1449 3397 Grays.
1557 3337 1657 3383 328
1693 3340 1833 3385 triens
1858 3353 1962 3385 neu.
2072 3336 2168 3383 330
2206 3336 2263 3382 ad
2289 3336 2420 3382 haec.

410 3394 508 3441 334
545 3398 731 3444 iocunda
757 3407 801 3445 et
823 3400 1007 3457 ydonea.
1081 3401 1178 3450 335
1217 3406 1449 3465 Quicquid.
1525 3406 1622 3451 339
1660 3408 1782 3453 velit.
