2667 3809
378 255 442 304 92
1105 264 1441 305 summum
1465 250 1543 315 11,
1579 254 1625 304 1.

417 413 479 458 50
517 407 592 460 Ut
615 423 723 477 quo
748 405 977 476 quisque
998 405 1143 459 valet
1164 411 1448 476 suspectos
1471 411 1672 459 terreat
1695 410 1865 475 utque

518 493 747 563 imperet
770 493 873 545 hoc
888 498 1090 545 natura
1114 499 1326 563 potens,
1356 492 1433 545 sic
1459 492 1656 561 collige
1678 507 1909 544 mecum.
1944 524 1949 530 -

517 578 680 632 dente
702 577 882 648 lupus,
911 595 1079 632 cornu
1106 585 1295 637 taurus
1319 580 1475 648 petit,
1503 577 1649 631 unde
1673 577 1780 630 nisi
1803 577 1952 632 intus

515 664 916 718 monstratum?
965 663 1198 717 Scaevae
1221 664 1461 717 vivacem
1487 663 1644 717 crede
1668 663 1857 734 nepoti

515 757 741 804 matrem
755 772 773 823 ἐ
811 750 891 804 nil
914 750 1076 807 faciet
1100 748 1314 803 sceleris
1338 749 1429 820 pia
1452 750 1692 815 dextera,
1724 781 1788 790 —
1812 752 2026 816 mirum,

415 843 477 887 55
518 843 580 890 ut
603 853 778 906 neque
803 835 948 889 calce
972 836 1133 906 lupus
1159 853 1484 906 quemquam
1508 853 1685 906 neque
1709 837 1871 891 dente
1896 837 2034 907 petit
2057 838 2175 904 bos,
2206 871 2278 882 -

515 921 611 974 sed
635 920 775 977 mala
798 921 957 975 tollet
980 939 1144 975 anum
1167 921 1359 975 vitiato
1383 921 1543 976 melle
1569 922 1763 976 cicuta.

513 1007 600 1062 Ne
622 1007 849 1077 longum
873 1007 1097 1061 faciam:
1136 1025 1234 1061 seu
1256 1025 1343 1061 me
1366 1008 1659 1078 tranquilla
1684 1016 1933 1063 senectus

513 1098 810 1163 exspectat,
840 1111 935 1148 seu
961 1093 1114 1148 Mors
1139 1093 1268 1147 atris
1290 1094 1645 1149 circumvolat
1668 1094 1797 1159 alis;

514 1179 681 1243 dives,
711 1179 886 1250 inopS‚
915 1180 1140 1245 Romae,
1169 1197 1265 1234 seu
1288 1180 1400 1233 fors
1423 1180 1503 1234 ita
1525 1180 1757 1244 iusserit,
1788 1181 1961 1247 exsul,

414 1271 476 1318 60
516 1264 762 1336 quisquis
788 1265 897 1319 erit.
915 1266 1059 1319 vitae
1082 1266 1313 1320 scribam
1338 1266 1504 1321 color.
1556 1266 1649 1331 „O
1674 1284 1809 1336 puer
1832 1272 1896 1321 ut
1919 1267 1991 1321 sis

512 1350 918 1417 vitalismetuo}
949 1358 1004 1405 et
1024 1352 1287 1413 maiorum
1314 1370 1382 1406 ne
1408 1353 1529 1423 quis
1553 1352 1757 1406 amicus

512 1437 713 1507 frigore
736 1443 792 1491 te
815 1437 1039 1493 feriat.“
1083 1439 1274 1500 Quid?
1311 1457 1435 1494 cum
1460 1446 1543 1492 est
1563 1438 1807 1492 Lucilius
1832 1456 1997 1493 ausus

510 1523 716 1592 primus
740 1523 798 1576 in
823 1524 970 1578 hunc
995 1526 1171 1595 operis
1196 1543 1516 1596 componere
1541 1525 1776 1578 carmina
1797 1542 2019 1591 morem,

511 1609 793 1663 detrahere
817 1617 872 1663 et
890 1610 1109 1680 pellem,
1137 1611 1344 1665 nitidus
1370 1629 1477 1682 qua
1497 1611 1731 1681 'quisque
1754 1628 1850 1681 per
1873 1629 1969 1665 ora

410 1701 473 1746 65
511 1694 753 1760 cederet,
783 1695 1076 1757 introrsum
1099 1697 1304 1767 turpis:
1343 1715 1476 1753 num
1500 1697 1719 1750 Laelius
1745 1703 1808 1750 et'
1824 1699 1919 1769 qui

511 1781 671 1834 duxit
694 1780 762 1834 ab
787 1798 1043 1852 oppressa
1066 1778 1318 1861 meritum
1346 1782 1672 1853 Carthagine
1696 1800 1911 1849 nomen,
1994 1777 1997 1783 ’

510 1867 729 1937 ingenio
756 1867 985 1931 offensi?
1022 1875 1119 1923 aut
1146 1870 1290 1923 laeso
1317 1869 1539 1923 doluere
1564 1869 1807 1939 Metelle,

509 1952 836 2024 famosisque
857 1954 1017 2024 Lupo
1043 1962 1296 2025 cooperto
1321 1955 1605 2019 versibus?
1637 1955 1790 2027 atqui

426 2086 437 2093 ,
508 2040 766 2110 primores
790 2039 979 2110 populi
1003 2041 1230 2110 arripuit
1252 2041 1621 2112 populumque
1646 2041 1910 2108 tributim,
1949 2090 1953 2097 .

409 2131 470 2176 70
508 2124 713 2179 scilicet
735 2126 833 2178 uni
856 2143 1060 2197 aequus
1085 2128 1274 2182 virtuti
1299 2136 1462 2225 atque
1488 2127 1603 2180 eius
1618 2127 1829 2181 amicis,
1855 2162 1862 2183 ,f
1989 2115 2009 2121 ⁶

509 2210 640 2281 quin
664 2211 759 2264 ubi
784 2230 841 2266 se
864 2230 897 2265 a
919 2213 1084 2283 vulgo
1111 2221 1165 2267 et
1187 2231 1349 2267 scena
1370 2213 1428 2266 in
1453 2221 1658 2266 secreta
1680 2222 1951 2268 remorant

508 2297 676 2350 virtus
703 2297 982 2368 Scipiadae
1007 2306 1062 2352 et
1084 2300 1230 2353 mitis
1256 2299 1522 2377 sapientia
1544 2299 1714 2364 Laeli,

506 2384 700 2454 nugari
724 2400 847 2437 cum
871 2383 966 2437 illo
992 2393 1048 2437 et
1071 2384 1320 2440 discincti
1344 2386 1547 2448 ludere,
1577 2385 1749 2439 donec

507 2470 899 2547 decoqueretur
923 2474 1061 2539 clue,
1090 2474 1254 2529 soliti.
1307 2471 1621 2542 Quidquid
1616 2489 1736 2524 sum
1760 2489 1881 2544 ego,
1912 2474 2158 2553 quamvis

407 2564 467 2608 75
506 2557 645 2611 infra
668 2558 848 2613 Lucili
872 2577 1092 2614 censum
1115 2561 1523 2631 ingeniumque,
1553 2567 1733 2611 tamen
1756 2575 1843 2610 me

505 2660 629 2696 cum
652 2647 864 2715 magnis
889 2646 1089 2700 vixisse
1112 2647 1284 2700 invita
1305 2644 1565 2699 fatebitur
1589 2660 1761 2713 usque

504 2730 725 2796 invidia,
755 2738 811 2786 et
834 2732 1014 2803 fragili
1039 2750 1301 2803 quaerens
1325 2731 1535 2787 illidere
1561 2730 1776 2785 dentem

505 2817 742 2870 offendet
764 2812 955 2883 solide,
985 2819 1091 2873 nisi
1116 2817 1248 2889 quid
1271 2826 1352 2881 tu,
1388 2817 1545 2870 docte
1568 2815 1802 2879 Trebati,

505 2903 775 2957 dissentis.
830 2903 1142 2975 „Equidem
1168 2904 1306 2958 nihil
1328 2905 1458 2959 hinc
1481 2901 1761 2956 diffindere
1786 2918 2035 2971 possum3

403 2994 464 3040 80
503 2988 599 3041 sed
621 2996 800 3042 tamen
825 2998 889 3042 ut
911 2990 1150 3043 monitus
1176 3008 1380 3055 caveas,
1410 3007 1478 3044 ne
1502 2990 1641 3043 forte
1666 2988 1852 3058 negoti

502 3075 734 3128 incutiat
755 3075 857 3127 tibi
882 3074 1015 3144 quid
1038 3083 1345 3130 sanctarum
1368 3075 1583 3130 inscitia
1605 3073 1819 3144 legum:

500 3160 552 3212 si
571 3161 715 3223 maha
740 3161 1110 3215 condideribin
1133 3179 1283 3231 quem
1309 3161 1428 3229 quis
1452 3158 1708 3224 carmina,
1738 3160 1822 3214 ius
1844 3166 1923 3213 est

503 3287 566 3332 54
605 3291 754 3334 mirum
781 3296 876 3344 est3
908 3288 1164 3340 (nimirum.)
1274 3287 1337 3331 55
1374 3294 1506 3346 petat.
1616 3285 1679 3330 58
1718 3296 1941 3346 exspectet
1963 3312 2033 3322 —
2057 3268 2358 3336 circumvolet.

366 3355 428 3400 59
465 3357 637 3403 luserit.
721 3356 782 3400 65
822 3371 910 3400 non
937 3351 1116 3401 Laelius
1141 3359 1296 3415 etqui.
1394 3354 1457 3400 69
1495 3356 1715 3402 tributum.
1813 3355 1873 3400 79
1911 3357 1983 3403 hic
2010 3382 2076 3391 —
2100 3360 2354 3416 diffingere3

362 3425 613 3484 defingere3
633 3427 847 3482 diffidere3
872 3425 1127 3479 dim-ingere
1147 3440 1159 3482 3
1186 3425 1443 3470 diffundere.
