2667 3809
329 274 431 331 180
1053 278 1464 320 EPISTOLARUM
1490 265 1536 331 1,
1568 269 1619 319 6.

1261 488 1385 552 VI.

1073 642 1177 692 (Ad
1206 640 1586 692 Numicium.)

466 767 562 822 Nil
586 763 839 818 admirari
862 779 1029 834 prope
1052 778 1139 814 res
1163 766 1247 827 est
1270 777 1397 825 una,
1426 759 1666 825 Numici,

467 851 708 921 solaque,
750 865 889 918 quae
913 847 1088 917 possit
1110 846 1285 899 facere
1310 852 1366 898 et
1389 862 1601 900 servare
1626 846 1865 899 beatum.

460 938 610 990 hunc
636 934 804 987 solem
828 939 885 986 et
908 931 1091 986 stellas
1116 938 1173 983 et
1195 930 1514 984 decedentia
1537 931 1698 984 certis

467 1031 713 1092 tempora
734 1017 1023 1071 momentis
1050 1022 1178 1069 sunt
1200 1015 1295 1085 qui
1318 1015 1608 1070 formidine
1632 1017 1786 1071 nulla

400 1116 428 1161 5
467 1105 667 1161 imbuti
692 1110 955 1175 spectent.
996 1101 1129 1172 quid
1154 1118 1339 1154 censes
1363 1119 1590 1155 munera
1613 1109 1808 1166 terrae,

467 1191 602 1264 quid
624 1190 789 1243 maris
812 1196 1082 1242 extremos
1105 1187 1315 1240 Arabas
1341 1187 1568 1240 ditantis
1591 1194 1647 1240 et
1670 1187 1858 1251 Indos,

464 1277 676 1332 ludicra
700 1273 835 1346 quid
858 1272 1079 1344 plausus
1104 1279 1160 1325 et
1181 1272 1342 1325 amici
1366 1272 1510 1326 dona
1534 1272 1786 1338 Quiritis,

466 1381 576 1435 quo
601 1359 896 1434 spectanda
918 1357 1099 1422 modo,
1128 1374 1239 1427 quo
1265 1375 1427 1411 sensu
1455 1359 1629 1411 credis
1653 1366 1710 1412 et
1732 1359 1865 1412 ore?

467 1449 578 1509 Qui
601 1448 760 1502 timet
782 1445 869 1498 his
894 1444 1133 1507 adversa,
1163 1443 1275 1496 fere
1300 1443 1529 1497 miratur
1554 1445 1756 1497 eodem—

366 1542 427 1587 10
468 1550 577 1605 quo
602 1531 827 1603 cupiens
849 1535 1040 1600 pacto;
1079 1544 1248 1597 pavor
1270 1535 1355 1582 est
1377 1530 1669 1601 utrobique
1691 1531 1974 1595 molestus,

465 1617 759 1687 improvisa
782 1614 944 1668 simul
968 1614 1175 1684 species
1200 1621 1440 1668 exterret
1465 1621 1774 1687 utrumque.

464 1705 703 1776 gaudeat
724 1717 796 1754 an
821 1699 1019 1763 doleat,
1050 1699 1235 1770 cupiat
1255 1707 1552 1766 metuatne,
1583 1701 1716 1770 quid
1741 1700 1811 1755 ad
1832 1718 1966 1765 rem,

466 1789 513 1843 si
538 1786 809 1859 quidquid
832 1785 971 1840 vidit
992 1785 1187 1838 melius
1211 1784 1433 1853 peiusve
1458 1801 1558 1837 sua
1580 1801 1675 1855 spe

468 1870 661 1928 defixis
686 1870 859 1924 oculis
883 1870 1173 1939 animoque
1199 1876 1256 1923 et
1278 1886 1505 1939 corpore
1526 1872 1747 1941 torpet?

370 1967 430 2013 15
469 1957 657 2013 Insani
680 1954 896 2025 sapiens
920 1971 1119 2007 nomen
1141 1954 1297 2019 ferat,
1326 1972 1534 2025 aequus
1558 1955 1752 2027 iniqui,

466 2043 612 2097 ultra
635 2058 796 2113 quam
822 2039 953 2093 satis
977 2045 1061 2092 est
1083 2040 1341 2093 virtutem
1367 2040 1412 2093 si
1436 2047 1588 2110 petat
1608 2042 1801 2111 ipsam.

465 2130 485 2182 i
509 2144 673 2192 nunc,
704 2133 990 2196 argentum
1015 2132 1071 2181 et
1092 2142 1327 2178 marmor
1347 2131 1506 2180 vetus
1526 2143 1756 2197 aeraque
1781 2134 1837 2181 et
1859 2135 2003 2182 artes

468 2213 698 2283 suspice,
728 2229 850 2265 cum
876 2211 1103 2281 gemmis
1127 2210 1317 2281 Tyrios
1342 2211 1537 2266 mirare
1562 2213 1801 2278 colores;

467 2301 647 2370 gaude
670 2296 821 2368 quod
845 2303 1093 2367 spectant
1115 2296 1261 2349 oculi
1285 2302 1342 2349 te
1366 2296 1514 2350 mille
1540 2298 1851 2369 loquentem
1864 2319 1878 2363 ;

360 2391 429 2439 20
468 2398 678 2456 gnavus
702 2399 859 2439 mane
882 2382 1063 2435 forum
1088 2388 1144 2435 et
1166 2382 1509 2452 vespertinus
1539 2390 1665 2454 pete
1687 2389 1910 2448 tectum,

466 2489 536 2525 ne
560 2471 683 2542 plus
707 2468 967 2521 frumenti
990 2466 1265 2521 dotalibus
1292 2474 1492 2522 emetat
1512 2469 1660 2540 agris

463 2556 659 2610 Mutus
683 2560 740 2607 et
762 2584 829 2594 -
854 2552 1163 2621 indignum,
1193 2553 1342 2623 quod
1366 2554 1439 2607 sit
1460 2554 1736 2625 peioribus
1762 2559 1913 2608 ortus
1944 2585 2008 2596 -

466 2641 556 2694 hic
579 2639 683 2694 tibi
707 2639 780 2692 sit
803 2639 987 2709 potius
1014 2654 1176 2707 quam
1199 2643 1261 2691 tu
1286 2638 1550 2692 mirabilis
1575 2640 1677 2695 illi.

466 2723 753 2794 Quidquid
777 2722 881 2776 sub
904 2730 1049 2775 terra
1072 2728 1173 2786 est,
1202 2721 1261 2775 in
1283 2723 1527 2793 apricum
1551 2722 1790 2794 proferet
1813 2728 1978 2790 aetas,

361 2817 425 2863 25
465 2808 707 2862 defodiet
730 2807 1048 2877 condetque
1063 2807 1313 2861 nitentia.
1355 2827 1477 2863 cum
1499 2810 1641 2863 bene
1665 2815 1859 2862 notum

463 2894 705 2965 porticus
729 2892 1009 2963 Agrippae
1042 2899 1098 2946 et
1122 2892 1209 2947 via
1232 2899 1289 2947 te
1313 2895 1656 2966 conspexerit
1678 2894 1842 2965 Appi,

466 2979 545 3032 ire
569 2984 753 3030 tamen
775 2983 962 3043 restat,
990 2977 1175 3032 Numa
1200 2995 1308 3048 quo
1333 2979 1554 3034 devenit
1576 2985 1633 3034 et
1655 2980 1861 3032 Ancus.

463 3139 498 3182 1.
529 3135 557 3181 3
596 3136 932 3193 descendentia3
960 3136 1220 3183 decidentia.
1295 3138 1323 3181 5
1363 3148 1575 3198 spectant.
1652 3137 1713 3183 10
1751 3139 1944 3198 utrique.
2019 3139 2101 3193 (11
2129 3148 2341 3199 exercet3

326 3207 565 3259 externat.)
680 3203 739 3248 12
778 3213 1021 3261 metuatve3
1049 3213 1313 3265 metuatque.
1426 3205 1487 3252 13
1523 3209 1752 3267 peiusque.
1863 3206 1924 3250 15
1963 3222 2117 3254 nomen
2145 3211 2336 3269 sapiens.

331 3272 393 3318 16
419 3281 566 3333 petet3
592 3275 716 3331 petit.
781 3271 842 3316 19
870 3281 1081 3330 spectent.
1136 3271 1201 3315 20
1228 3288 1381 3321 ωινιιε.
1430 3274 1493 3319 22
1520 3277 1710 3333 Mucius,
1736 3275 1979 3333 indignum.
2031 3275 2096 3322 24
2123 3279 2336 3338 proferat.

443 3342 500 3387 11.
537 3341 617 3386 Ad
652 3341 976 3386 Numitium
1013 3341 1285 3397 epistola
1322 3341 1369 3388 6.
1418 3367 1488 3377 -
1539 3341 1599 3388 12
1638 3351 1801 3390 metuat
1834 3357 1903 3389 ve.
2014 3344 2076 3392 13
2114 3347 2341 3406 quicquid.

327 3408 391 3455 18
428 3411 617 3469 suscipe.
691 3406 755 3451 22
792 3409 973 3453 Mutius.
1045 3405 1111 3450 24
1152 3408 1383 3470 Quicquid.
