2667 3809
374 259 473 310 140
1118 267 1455 309 sammon
1480 255 1557 320 ΙΙ,
1588 258 1639 309 6.

410 419 475 465 40
514 413 788 483 Septimus
813 418 1003 466 octavo
1028 411 1249 481 propior
1272 410 1381 463 iam
1402 408 1606 480 fugerit
1628 426 1820 474 annus,

512 515 579 551 ex
606 516 713 569 quo
737 499 1026 551 Maecenas
1047 514 1136 550 me
1160 496 1339 567 coepit
1361 497 1559 551 habere
1584 512 1805 550 suorum

512 584 570 637 in
592 601 837 649 numero,
868 583 1153 637 dumtaxat
1176 583 1247 636 ad
1270 582 1391 647 hoc,
1422 599 1583 652 quem
1606 581 1797 635 tollere
1820 580 1990 634 rheda

512 668 677 722 vellet
702 669 804 722 iter
825 669 1046 735 faciens,
1076 677 1132 722 et
1155 669 1242 722 cui
1268 669 1589 722 concredere
1614 685 1788 738 nugas

513 754 617 808 hoc
641 771 814 825 genus
836 775 848 808 ε
889 757 1022 808 hora
1044 760 1204 824 quota
1227 755 1348 808 est?
1395 755 1570 808 Threoe
1592 759 1670 807 est
1699 753 1921 807 Gallina
1944 756 2083 824 Syro
2096 754 2244 825 par?
2340 802 2346 807 .

410 849 475 894 45
512 841 780 896 matutina
792 859 992 909 parum
1015 846 1196 893 cautos
1219 839 1328 892 iam
1340 840 1565 910 fiiqora
1586 840 1830 893 mordent
1849 870 1921 880 ——

515 935 571 981 et
594 943 732 998 quae
754 927 953 979 rimosa
976 927 1116 980 bene
1141 927 1490 997 deponuntur
1513 927 1570 979 in
1595 943 1744 980 aure.

513 1012 619 1066 Per
641 1018 818 1065 totum
842 1013 946 1066 hoc
966 1019 1183 1083 tempus
1208 1012 1502 1066 subiectior
1524 1013 1586 1067 in
1609 1013 1752 1065 diem
1776 1020 1832 1066 et
1854 1013 2043 1065 horam

515 1098 752 1152 invidiae
774 1105 976 1152 noster.
1027 1098 1187 1152 ludos
1213 1105 1548 1170 spectaverat
1572 1115 1697 1163 una,

512 1185 718 1238 luserat
739 1185 798 1237 in
823 1202 1042 1255 campo=
1066 1185 1499 1256 sormnaefilius
1515 1185 1538 1238 J
1574 1200 1779 1238 omnes.

414 1278 477 1323 50
514 1270 746 1341 frigidus
770 1288 803 1323 a
824 1270 1013 1324 rostris
1037 1278 1221 1324 manat
1243 1289 1340 1343 per
1364 1271 1599 1342 compita
1620 1287 1821 1324 rumor.

515 1358 826 1429 quicunque
850 1356 1043 1411 obvius
1069 1362 1167 1421 est,
1196 1372 1283 1409 me
1309 1356 1576 1410 consulite
1621 1373 1696 1423 ,,ο
1722 1356 1880 1420 bone,
1909 1372 2035 1409 nam
2059 1363 2115 1410 te

515 1444 666 1509 scire,
696 1444 827 1497 deos
853 1442 1109 1514 quoniam
1133 1442 1357 1513 propius
1382 1443 1670 1513 contingis,
1700 1448 1931 1513 oportet,

517 1530 782 1601 numquid
806 1529 875 1583 de
898 1529 1064 1583 Dacis
1089 1528 1329 1583 audisti?
1349 1535 1385 1561 “
1440 1530 1576 1594 „Nil
1597 1529 1920 1599 equidem.“
1971 1528 2090 1593 „Ut
2111 1533 2177 1581 tu

517 1633 727 1687 semper
748 1616 857 1669 eris
882 1615 1117 1668 derisor!
1138 1620 1179 1647 ’“
1231 1615 1352 1680 „At
1377 1633 1561 1668 omnes
1586 1615 1644 1668 di
1669 1616 1948 1685 exagitent
1970 1631 2075 1678 me,

415 1709 477 1754 55
516 1702 563 1755 si
586 1701 948 1772 quidquam.“
999 1700 1227 1766 „Quidt’
1265 1701 1530 1754 militibus
1555 1701 1819 1771 promissa
1840 1700 2126 1771 Triquetra

515 1787 735 1858 praedia
759 1787 952 1840 Caesar
976 1803 1044 1839 an
1071 1792 1153 1839 est
1174 1786 1316 1840 Itala
1340 1787 1534 1840 tellure
1559 1787 1784 1841 daturus
1799 1787 1874 1840 ΞΜ

511 1873 780 1926 iurantem
804 1890 890 1925 me
915 1873 1050 1926 scire
1074 1872 1213 1925 nihil
1234 1873 1502 1926 mirantur
1523 1878 1588 1925 ut
1611 1889 1781 1925 unum

514 1959 720 2013 scilicet
744 1957 951 2028 egregii
973 1958 1260 2012 mortalem
1281 1959 1486 2029 altique
1510 1958 1710 2012 silenti.

513 2044 770 2098 Perditur
791 2044 923 2097 haec
946 2043 1089 2098 inter
1111 2044 1307 2098 misero
1331 2045 1429 2097 lux
1455 2062 1565 2098 non
1591 2045 1706 2098 sine
1728 2045 1871 2098 votis
1890 2065 1903 2098 ε

414 2137 479 2183 60
518 2147 550 2182 o
574 2146 685 2194 rus,
717 2129 934 2199 quando
959 2146 1062 2200 ego
1086 2138 1141 2183 te
1165 2131 1499 2201 adspiciam?
1533 2131 1862 2202 quandoque
1885 2129 2073 2184 licebit

514 2230 662 2268 nunc
685 2222 926 2269 veterum
951 2216 1104 2269 libris
1128 2234 1274 2269 nunc
1299 2234 1489 2269 somno
1511 2221 1571 2269 et
1593 2215 1857 2269 inertibus
1881 2216 2029 2269 horis

516 2301 714 2355 ducere
739 2301 1002 2355 sollicitae
1026 2302 1265 2355 iucunda
1289 2301 1700 2355 oblivia-vitae?

514 2406 546 2442 o
573 2387 789 2459 quando
813 2387 939 2440 faba
960 2388 1304 2458 Pythagorae
1329 2393 1561 2457 cognata
1585 2386 1855 2458 simulque

512 2481 676 2528 uncta
698 2473 828 2527 satis
852 2473 1045 2544 pingui
1069 2480 1343 2544 ponentur
1366 2473 1612 2544 oluscula
1633 2473 1829 2528 lardo?

408 2566 475 2613 65
513 2577 546 2613 o
571 2566 758 2613 noctes
780 2554 1088 2628 coe'naeque
1114 2559 1293 2625 deum,
1325 2559 1524 2630 quibus
1548 2559 1902 2630 ipse-meique

512 2653 639 2699 ante
662 2645 834 2698 larem
854 2644 1131 2715 proprium
1155 2661 1345 2698 vescor
1368 2662 1667 2716 vernasque
1688 2661 1941 2715 procaces

509 2747 671 2801 pasco
696 2730 880 2783 libatis
905 2728 1166 2800 dapibus!
1203 2737 1370 2801 prout
1393 2731 1589 2801 cuique
1611 2731 1782 2785 libido
1806 2738 1906 2795 est,

512 2816 679 2868 siccat
701 2815 1011 2887 inaequales
1038 2816 1230 2869 calices
1256 2816 1482 2870 conviva
1506 2817 1718 2870 solutus

509 2900 723 2970 legibus
748 2901 970 2967 insanis,
1008 2918 1104 2955 seu
1129 2902 1252 2972 quis
1277 2903 1422 2974 capit
1444 2903 1586 2956 acria
1607 2902 1766 2956 fortis

411 2990 472 3035 70
506 2985 719 3054 pocula,
750 3002 846 3039 seu
869 2986 1097 3040 modicis
1120 2988 1331 3042 uvescit
1353 2988 1567 3042 laetius.
1620 3006 1751 3059 ergo

511 3085 685 3121 sermo
710 3070 901 3136 oritur,
930 3088 1041 3124 non
1066 3072 1134 3126 de
1157 3073 1302 3128 villis
1327 3073 1646 3128 domibusve
1670 3075 1878 3141 alienis,

512 3211 576 3255 44
616 3214 821 3271 Thi-aen
850 3215 1004 3259 Thrax
1027 3231 1082 3261 an
1107 3218 1292 3263 Gallina.
1366 3216 1431 3262 48
1468 3220 1669 3265 invidiae.
1697 3229 1863 3267 noster.
1934 3220 2017 3267 48.
2040 3220 2104 3265 49
2142 3229 2373 3281 spectave-

375 3284 430 3325 rit
458 3303 521 3314 -—
546 3282 717 3327 luserit.
789 3282 854 3326 54
891 3284 1061 3333 derisor
1082 3285 1137 3330 ad
1160 3300 1324 3332 omnes.
1351 3288 1412 3331 di.
1483 3286 1547 3332 56
1586 3289 1749 3334 Caesar
1770 3304 1827 3335 ne
1850 3298 1934 3335 est.
2003 3290 2069 3334 57
2096 3293 2279 3335 miratur
2304 3312 2368 3324 -—·

373 3357 418 3394 et
441 3364 586 3395 unum.
663 3348 749 3403 (59
785 3353 1022 3410 porgitur.)
1099 3352 1183 3407 (64
1217 3364 1346 3400 uncta
1371 3357 1519 3410 focis.)
1593 3356 1655 3401 67
1683 3371 1778 3403 cum
1804 3368 1853 3404 nt
1877 3361 2051 3420 cuique.
2128 3357 2188 3403 70
2216 3359 2373 3404 huno-

372 3420 484 3476 scin
512 3421 733 3477 tumesci13
755 3422 947 3466 virescit.
