2667 3809
361 262 460 315 178

444 518 447 522 ·
497 495 817 551 iamdudum
842 493 1091 564 splendet
1122 491 1277 547 focus
1303 501 1359 548 et
1382 493 1485 548 tibi
1508 493 1713 547 munda
1736 491 2001 562 supellex.

400 761 460 806 10

403 1187 463 1229 15

403 1610 466 1655 20

404 2034 471 2080 25

405 2465 468 2512 30

363 2790 474 2832 nae3

363 2859 465 2889 non.

364 2993 472 3024 mem

1086 266 1501 309 nmsmomauu
1526 253 1574 318 1',
1606 257 1656 308 5.

494 413 542 466 si
565 410 760 465 melius
785 410 920 480 quid
943 409 1128 474 habes,
1157 422 1366 462 arcesse
1390 408 1478 463 vel
1500 407 1789 479 imperium
1813 406 1913 460 fer.

497 583 655 636 mitte
678 582 824 635 leves
850 596 972 649 spes
997 586 1054 635 et
1076 579 1372 633 certamina
1396 578 1709 633 divitiarum

499 674 556 721 et
579 664 799 720 Moschi
823 681 1070 718 causam=
1111 682 1227 718 cras
1253 671 1383 718 nato
1410 664 1634 718 Caesare
1658 664 1830 718 festus

499 753 595 811 dat
618 750 830 805 veniam
856 766 1215 820 somnumque
1239 749 1388 814 dies3
1426 750 1650 820 impune
1674 747 1860 803 licebit

497 837 759 891 aestivam
782 850 1033 889 sermone
1053 835 1294 905 benigno
1317 835 1545 888 tendere
1574 843 1810 889 noctem.

499 923 625 982 Quo
650 920 786 974 mihi
809 920 1107 985 fortunam,
1132 920 1314 975 sinon
1340 921 1657 975 conceditur
1680 921 1802 975 uti?

499 1024 695 1078 parcus
719 1005 789 1060 ob
815 1005 1030 1060 heredis
1057 1023 1242 1060 curam
1264 1007 1606 1077 nimiumque
1632 1021 1849 1060 severus

499 1092 705 1146 assidet
726 1093 937 1147 insano,
976 1100 1166 1164 potare
1186 1100 1249 1148 et
1271 1106 1523 1165 spargere
1546 1093 1706 1146 flores

502 1177 757 1248 incipiam
781 1181 1065 1251 patiarque
1086 1182 1175 1236 vel
1197 1179 1539 1234 inconsultus
1572 1178 1779 1232 haberi.

501 1263 635 1335 quid
657 1280 771 1316 non
795 1264 1031 1318 ebrietas
1053 1266 1305 1336 designat
1319 1267 1345 1319 Ρ
1382 1271 1574 1335 operta
1593 1262 1846 1327 recludit,

498 1366 623 1420 spes
646 1349 801 1404 iubet
824 1367 941 1404 esse
965 1357 1128 1416 ratas,
1158 1352 1229 1405 ad
1252 1351 1457 1422 proelia
1479 1349 1657 1404 trudit
1681 1350 1928 1416 inertem,

500 1434 748 1489 sollicitis
772 1437 967 1490 animis
990 1454 1132 1491 onus
1157 1437 1376 1500 eximit,
1406 1436 1640 1489 addocet
1662 1441 1825 1488 artes.

499 1519 725 1575 fecundi
748 1522 942 1575 calices
967 1538 1129 1592 quem
1154 1540 1266 1576 non
1291 1523 1467 1577 fecere
1493 1523 1799 1577 disertum?

506 1613 785 1660 contracta
807 1623 971 1677 quem
992 1623 1104 1661 non
1130 1608 1189 1662 in
1212 1616 1532 1680 paupertate
1556 1607 1840 1662 solutum?

503 1689 656 1743 Haec
680 1708 784 1761 ego
809 1709 1100 1762 procurare
1124 1700 1181 1747 et
1203 1693 1435 1747 idoneus
1460 1694 1695 1764 imperor
1718 1699 1775 1746 et
1799 1709 1910 1747 non

503 1774 727 1840 invitus,
756 1794 826 1829 ne
849 1782 1011 1847 turpe
1036 1778 1194 1844 toral,
1223 1796 1293 1833 ne
1316 1779 1538 1833 sordida
1559 1797 1756 1850 mappa

503 1867 760 1930 corruget
779 1877 957 1925 nares,
986 1879 1056 1915 ne
1078 1880 1190 1916 non
1212 1872 1270 1917 et
1294 1864 1585 1926 cantharus
1610 1871 1670 1918 et
1688 1866 1822 1919 lanx

505 1945 763 1998 ostendat
782 1946 886 2000 tibi
910 1953 984 2013 te,
1015 1965 1086 2002 ne
1109 1949 1248 2004 fidos
1272 1950 1420 2005 inter
1441 1951 1643 2004 amicos

507 2029 581 2083 sit
604 2030 700 2099 qni
724 2031 872 2085 dicta
893 2033 1040 2086 foras
1065 2034 1325 2103 eliminet,
1357 2043 1420 2089 ut
1443 2044 1598 2090 coeat
1621 2054 1718 2108 par

503 2115 872 2188 iungaturque
895 2119 1033 2189 pari.
1084 2120 1313 2173 Butram
1338 2119 1441 2173 tibi
1468 2119 1873 2194 Septiciumque

504 2208 560 2253 et
584 2200 692 2254 nisi
717 2219 885 2257 coena
909 2205 1057 2274 prior
1079 2206 1368 2277 potiorque
1392 2206 1577 2275 puella
1603 2205 1866 2267 Sabinum

502 2284 731 2352 detinet,
759 2304 1047 2343 assumam.
1087 2290 1240 2344 locus
1266 2298 1354 2344 est
1377 2298 1434 2345 et
1456 2290 1705 2361 pluribus
1728 2291 1952 2356 umbris,

503 2374 601 2428 sed
624 2375 786 2429 nimis
809 2382 928 2429 arta
949 2383 1207 2446 premunt
1229 2377 1408 2431 olidae
1433 2377 1681 2431 convivia
1706 2394 1914 2447 caprae.

506 2461 589 2513 Tu
616 2468 817 2531 quotus
841 2478 958 2515 esse
983 2461 1120 2516 velis
1143 2461 1382 2517 rescribe
1405 2469 1461 2515 et
1483 2461 1646 2515 rebus
1671 2461 1884 2515 omissis

500 2547 639 2600 atria
663 2553 967 2619 servantem
990 2547 1203 2618 postico
1228 2547 1356 2601 falle
1382 2547 1653 2602 clientem.

503 2709 539 2753 1.
579 2707 608 2753 6
647 2710 714 2754 sin
742 2731 807 2741 —
832 2721 1030 2753 accerse.
1129 2707 1186 2751 11
1227 2709 1423 2753 festivam
1449 2731 1519 2740 —
1542 2709 1797 2754 extendere.
1873 2705 1935 2752 12
1973 2709 2200 2767 fortunas3
2227 2710 2373 2756 fex-ku-

502 2777 606 2836 quid
628 2777 732 2821 mihi
758 2778 949 2822 fortuna.
1039 2775 1101 2820 1⁷
1139 2778 1183 2822 in
1209 2777 1376 2835 proeli·
1402 2798 1468 2811 --
1493 2779 1714 2823 inei-mem.
1807 2776 1872 2821 19
1906 2778 2099 2825 facundi.

539 2842 603 2887 25
642 2845 849 2890 eliminat.
923 2843 988 2890 26
1025 2847 1231 2898 Bruta-3
1257 2847 1437 2891 Brutum
1465 2867 1533 2878 --
1558 2847 1914 2906 Septimiunque.

2171 2776 2253 2822 ’23
2291 2793 2375 2824 nec

482 2913 540 2956 11.
581 2911 609 2956 6
646 2925 843 2958 accerse.
928 2911 955 2958 8
993 2914 1261 2960 diviciarum.
1355 2914 1411 2957 11
1452 2915 1705 2967 extendere.
1782 2913 1843 2959 12
1881 2915 2075 2962 fortuna.
2153 2915 2212 2960 17
2252 2918 2375 2962 incr·

365 3044 427 3089 24
468 3055 674 3093 ostentat.
747 3046 811 3093 26
850 3050 1044 3096 Brutum.
1119 3048 1182 3095 29
1220 3059 1359 3095 arcta.

478 3011 491 3023 .
567 2977 628 3023 18
666 2994 716 3024 ac
741 2980 881 3026 docet.
994 2981 1054 3026 19
1093 2982 1312 3028 foecundi.
1417 2979 1480 3025 22
1519 2991 1660 3042 torpe.
1756 2980 1820 3028 23
1857 2998 1939 3030 nec
1965 2998 2054 3029 non
2080 2993 2122 3030 et
2147 2993 2372 3032 cauturus.
