2667 3809
344 261 445 312 242
1050 266 1468 310 EPISTOLARUM
1491 257 1569 324 II,
1605 261 1651 310 1.
1747 274 1750 275 ⁷

482 411 751 481 Indignor
774 410 1071 480 quidquam
1094 411 1436 481 reprehendi,
1466 428 1577 465 non
1603 411 1732 480 quia
1755 427 1931 467 crasse

440 506 444 511 ’
485 496 845 567 compositum
870 496 1159 567 illepideve
1184 503 1424 567 putetur,
1457 496 1555 551 sed
1577 496 1705 569 quia
1728 512 1921 567 nuper,

481 600 581 638 nec
605 582 830 636 veniam·
839 582 1100 652 antiquis,
1131 582 1227 634 sed
1251 582 1513 634 honorem
1539 588 1595 634 et
1617 582 1855 651 praemia
1877 582 2069 653 posci„

481 675 627 722 recte
651 684 822 721 necne
847 684 1064 720 crocum
1088 666 1355 737 floresque
1381 666 1720 736 perambulet
1732 668 1909 729 =Attae

385 761 448 807 80
482 753 668 808 fabula
692 752 738 806 si
763 750 1027 816 dubitem,
1066 751 1299 805 clament
1324 751 1547 822 periisse
1570 752 1836 822 pudorem

485 839 669 893 cuncti
692 853 864 908 paene
888 844 1087 907 patres,
1117 855 1181 890 ea
1206 825 1329 890 cum
1353 836 1747 907 reprehendere
1770 854 1951 902 coner,

485 942 624 995 quae
648 923 829 994 gravis
853 923 1122 994 AesopuS,
1153 941 1291 995 quae
1315 924 1508 977 doctus
1531 921 1768 975 Roscius
1793 923 1936 992 egit;

482 1010 571 1064 vel
595 1011 725 1080 quia
748 1012 826 1065 nil
851 1019 1060 1067 rectum
1090 1011 1197 1067 nisi
1222 1009 1371 1080 quod
1396 1007 1604 1078 pla-cuit
1624 1007 1735 1060 sibi
1760 1007 1986 1073 ducunt,

485 1096 573 1150 vel
597 1096 725 1167 quia
748 1104 909 1168 turpe
933 1105 1130 1168 putant
1152 1112 1341 1166 parere
1365 1093 1686 1156 minoribu8‚
1716 1100 1776 1145 et
1798 1109 1940 1162 quae

386 1188 448 1234 85
488 1182 755 1239 imberbes
782 1183 1037 1249 didicere,
1068 1199 1225 1236 senes
1248 1180 1526 1252 perdenda
1549 1179 1727 1232 fateri.

486 1268 594 1322 iam
619 1269 824 1322 Saliare
846 1268 1059 1322 Numae
1085 1284 1297 1320 carmen
1325 1265 1421 1336 qui
1444 1265 1634 1319 laudat
1657 1272 1714 1318 et
1737 1264 1877 1319 illud

490 1353 639 1424 quod
661 1371 874 1411 mecum
898 1355 1133 1425 ignorat,
1163 1353 1312 1407 eolus
1338 1351 1460 1404 vult
1483 1350 1618 1403 scire
1640 1350 1833 1415 videri,

486 1439 722 1509 ingeniis
746 1458 858 1494 non
883 1440 976 1494 ille
999 1440 1148 1495 favet
1171 1437 1495 1509 plauditque
1521 1435 1766 1506 sepulti&

487 1532 674 1578 nostra
698 1525 795 1579 sed
819 1527 1123 1596 impugnat,
1153 1542 1254 1579 nos
1279 1531 1574 1594 nostraque
1598 1522 1801 1575 lividus
1827 1523 1964 1579 odit.

386 1616 451 1661 90
491 1611 686 1680 quodsi
711 1619 823 1665 tam
848 1611 1070 1665 Graecis
1095 1611 1308 1665 novitas
1332 1608 1510 1661 invisa
1532 1607 1728 1662 fuisset

489 1712 651 1765 quam
676 1696 853 1761 nobie,
892 1697 1025 1767 quid
1050 1696 1198 1750 nunc
1221 1702 1366 1749 esset
1389 1694 1585 1747 vetus?
1620 1701 1718 1746 aut
1742 1694 1875 1763 quid
1899 1694 2124 1748 haberet

489 1781 638 1851 quod
660 1781 869 1850 legeret
890 1788 1198 1852 tereretque
1223 1780 1427 1835 viritim
1460 1774 1722 1849 publicus'
1738 1781 1907 1835 usus?

491 1867 567 1920 Ut
590 1867 824 1934 primum
849 1867 1043 1937 positis
1070 1868 1266 1939 nugari
1292 1865 1520 1921 Graecia
1540 1864 1700 1919 bellis

493 1951 672 2022 coepit
695 1958 751 2004 et
774 1951 832 2003 in
855 1951 1050 2006 vitium
1075 1953 1295 2006 fortuna
1317 1952 1490 2006 labier
1513 1968 1702 2021 aequa,

389 2042 453 2088 95
491 2053 638 2089 nunc
662 2037 991 2091 athletarum
1016 2039 1231 2103 studim,
1260 2055 1408 2092 nunc
1431 2037 1565 2091 arsit
1588 2053 1870 2107 equorum,

489 2122 771 2175 marmoris
795 2129 891 2176 aut
915 2123 1094 2176 eboris
1117 2124 1299 2177 fabros
1324 2130 1421 2177 aut
1443 2123 1581 2176 aeris
1607 2123 1824 2186 amavit,

491 2207 777 2279 suspendit
800 2208 947 2279 picta
968 2209 1183 2263 vultum
1209 2215 1557 2279 mentemque
1581 2208 1801 2271 tabella,

487 2311 635 2347 nunc
658 2293 995 2360 tibicinibuS,
1025 2313 1172 2348 nunc
1198 2302 1283 2349 est
1305 2295 1494 2365 gavisa
1517 2292 1825 2363 tragoedis3

490 2380 593 2433 sub
616 2380 830 2434 nutrice
854 2381 1037 2452 puella
1061 2381 1213 2437 velut
1238 2381 1284 2434 si
1308 2380 1524 2439 luderet
1548 2379 1747 2443 insane,
1806 2449 1814 2453 .

358 2471 454 2517 100
493 2466 642 2536 quod
666 2467 862 2537 cupide
887 2467 1065 2537 petiit,
1092 2473 1305 2521 mature
1329 2465 1493 2536 plena
1514 2465 1758 2536 reliquit.

491 2551 626 2622 quid
648 2553 829 2623 placet
849 2560 946 2607 aut
971 2553 1098 2606 odio
1124 2560 1225 2619 est,
1255 2553 1404 2622 quod
1428 2569 1538 2606 non
1563 2548 1824 2603 mutabile
1849 2547 2075 2601 credas?

489 2636 595 2690 hoc
619 2653 779 2706 paces
804 2637 1042 2692 habuere
1074 2639 1247 2692 bonae
1271 2638 1530 2708 ventique
1555 2633 1800 2689 secundi.

411 2720 416 2724 ’
488 2718 697 2775 Romae
723 2722 881 2777 dulce
908 2724 1002 2777 diu
1029 2724 1135 2778 fuit
1159 2731 1216 2776 et
1239 2723 1502 2779 sollemne
1525 2721 1737 2775 reclusa

491 2823 649 2860 mane
675 2807 837 2863 domo
863 2809 1108 2879 vigilare,
1139 2809 1325 2877 clienti
1349 2825 1596 2879 promere
1621 2807 1756 2870 iura,

361 2896 455 2942 105
494 2898 681 2944 cautos
704 2893 1016 2948 nominibus
1038 2895 1200 2948 rectis
1225 2894 1534 2964 expendere
1556 2907 1826 2954 nummos,

489 2975 721 3028 maiores
745 2979 951 3043 audire,
981 2980 1180 3035 minori
1204 2980 1402 3045 dicere,
1432 2995 1529 3049 per
1553 2994 1692 3048 quae

492 3076 729 3113 crescere
751 3078 838 3114 res
863 3071 1063 3132 posset,
1094 3065 1267 3118 minui
1292 3064 1553 3118 damnosa
1576 3062 1769 3116 libido.

491 3145 727 3198 mutavit
750 3153 987 3200 mentem
1010 3150 1247 3220 populus
1271 3148 1406 3203 levis
1433 3156 1488 3203 et
1513 3148 1653 3205 calet
1675 3164 1787 3202 uno

497 3271 559 3316 79
594 3269 881 3331 perambulat.
966 3271 1028 3318 80
1066 3275 1268 3320 clamant.
1360 3273 1423 3320 83
1458 3277 1621 3321 dicunt.
1711 3273 1774 3319 85
1811 3273 2012 3320 imberbi.
2100 3271 2165 3319 90
2202 3273 2366 3318 Graiis.

358 3337 709 3467 {accpi-3:³30
733 3341 965 3397 Quiritum.
1076 3341 1170 3386 100
1210 3343 1434 3403 relinquit.
1538 3342 1639 3388 -105
1677 3351 1856 3402 capion
1895 3343 2089 3401 scriptos
2112 3364 2182 3376 —
2211 3342 2367 3387 certic.

2632 758 2639 809 -—
2630 644 2639 735 -J——n-u
