2667 3809
1040 271 1381 313 summm
1406 257 1455 323 1,
1486 261 1537 312 2.
2231 265 2300 317 33

428 412 626 477 officit,
656 411 903 466 evitare?
950 411 1160 465 Bonam
1186 409 1481 483 deperdere
1504 411 1721 478 famam,

423 530 539 568 rem
562 513 732 585 patris
758 512 1035 578 oblimare,
1064 513 1265 567 malum
1293 522 1377 567 est
1401 514 1732 586 ubicunque.
1791 515 1942 577 Quid
1965 516 2131 570 inter·
2209 569 2216 576 ,

425 622 509 669 est
532 615 590 668 in
612 621 880 681 matrona,
910 614 1107 668 ancilla
1130 631 1392 690 peccesne
1417 617 1648 686 togata?

425 716 625 770 Villius
648 717 707 770 in
732 718 938 771 Fausta
962 716 1144 770 Sullae
1169 734 1353 788 gener,
1382 718 1487 771 hoc
1511 718 1676 771 miser
1699 735 1811 772 uno

321 826 386 872 65
426 819 646 873 nomine
673 819 951 890 deceptus,
982 836 1186 889 poenas
1212 819 1367 873 dedit
1391 836 1565 891 usque
1588 836 1856 891 superque

426 938 588 992 quam
612 921 743 975 satis
768 926 881 984 est,
910 922 1113 990 pugnis
1137 938 1326 975 caesus
1350 923 1604 993 ferroque
1628 922 1853 992 petitus,

423 1022 675 1076 exclusus
699 1022 833 1087 fore,
873 1037 998 1076 cum
1019 1024 1378 1093 Longarenus
1402 1021 1545 1076 foret
1567 1024 1737 1077 intus.

422 1123 571 1177 Huic
598 1124 644 1178 si
668 1123 910 1177 mutonis
934 1123 1113 1178 verbis
1136 1124 1279 1177 mals
1301 1130 1456 1178 tanta
1480 1125 1715 1180 videntis

423 1225 629 1279 diceret
652 1226 787 1280 haec
809 1226 1054 1279 animust
1094 1226 1271 1296 „quid
1294 1227 1380 1280 vis
1403 1225 1544 1280 tibi?
1579 1227 1849 1298 numquid
1874 1245 1977 1299 ego
2002 1246 2035 1282 a
2057 1238 2113 1282 te

317 1334 381 1379 ⁷0
419 1344 619 1398 magno
645 1334 974 1398 prognatum
999 1326 1235 1397 deposco
1261 1328 1485 1381 consule
1511 1338 1770 1382 cunnum·

419 1429 767 1499 velatumque
792 1428 948 1493 stola,
978 1447 1100 1483 mea
1123 1446 1247 1483 cum
1272 1428 1583 1484 conferbuit
1605 1430 1686 1483 ira
1700 1431 1725 1483 P
1744 1436 1782 1462 ‘⁴

420 1530 571 1592 Quid
593 1530 988 1601 responderet?
1023 1548 1267 1602 „magno
1291 1537 1447 1603 patre
1471 1538 1601 1586 nata
1623 1531 1807 1603 puella
1830 1538 1981 1587 est.“

416 1634 495 1686 At
516 1641 722 1703 quanto
746 1633 971 1687 meliora
994 1640 1182 1688 monet
1205 1634 1616 1705 pugnantiaque
1640 1634 1762 1687 istis

420 1735 571 1790 dives
595 1737 714 1806 opis
737 1742 934 1789 natura
957 1725 1104 1801 suae,
1134 1742 1196 1789 tu
1221 1737 1268 1789 si
1291 1736 1456 1789 modo
1480 1744 1626 1791 recte

317 1845 345 1889 7
352 1845 380 1890 5
421 1838 731 1908 dispensare
756 1838 978 1912 velisac
1003 1845 1115 1892 n'on
1139 1837 1404 1909 fugienda
1426 1838 1675 1909 petendis

418 1940 736 1994 immiscere.
787 1917 907 1994 Tuo
929 1941 1064 1995 vitio
1088 1956 1341 1994 rerumne
1363 1939 1576 1993 labores

421 2041 501 2095 nil
522 2042 720 2097 referre
743 2049 903 2113 putas
919 2045 944 2096 Ρ
994 2044 1195 2109 Quare,
1224 2060 1295 2097 ne
1318 2043 1599 2113 poeniteat
1622 2049 1695 2108 te,

421 2142 608 2196 desine
630 2152 905 2199 matronas
930 2146 1200 2210 sectarier‚
1232 2143 1379 2198 unde
1404 2144 1605 2198 laboris

414 2244 544 2315 plus
567 2246 783 2300 haurire
808 2248 938 2302 mali
962 2255 1071 2312 est,
1101 2264 1265 2317 quam
1289 2263 1359 2300 ex
1383 2264 1443 2300 re
1469 2246 1755 2317 decerpere
1778 2245 2009 2300 fructus.

318 2352 382 2399 80
416 2348 534 2403 Nec
558 2349 732 2419 magis
755 2349 882 2404 huic
906 2350 1050 2402 inter
1071 2349 1261 2402 niveos
1285 2348 1595 2418 viridesque
1626 2347 1861 2419 lapillos,
1890 2377 1961 2389 —

419 2450 492 2503 sit
515 2450 644 2504 licet
665 2451 788 2516 hoc,
819 2450 1092 2515 Cerinthe‚
1122 2457 1282 2503 tuum
1304 2481 1375 2489 —-
1398 2460 1647 2503 tenerum
1673 2458 1757 2504 est
1778 2450 1955 2506 femur
1978 2457 2074 2504 aut
2098 2468 2222 2504 crus

419 2552 654 2618 rectius3
696 2560 861 2623 atque
885 2552 1048 2605 etiam
1073 2552 1268 2606 melius
1292 2567 1551 2622 persaepe
1576 2559 1795 2623 togatae
1820 2557 1920 2605 est.

415 2653 576 2708 Adde
599 2654 708 2708 huc
732 2653 882 2725 quod
904 2671 1136 2710 mercem
1161 2654 1279 2707 sine
1302 2654 1444 2707 fucis
1468 2660 1646 2724 gestat
1660 2693 1675 2719 ,
1704 2659 1889 2723 aperte

418 2757 565 2827 quod
590 2756 779 2811 venale
803 2757 970 2811 habet
993 2756 1262 2821 ostendit,
1291 2773 1470 2827 neque
1495 2756 1542 2808 si
1567 2754 1701 2826 quid
1723 2754 1940 2808 honesti
1965 2764 2050 2809 est

316 2865 378 2911 85
418 2859 586 2913 iactat
608 2859 883 2928 habetque
904 2858 1100 2928 palam,
1133 2859 1347 2929 quaerit
1371 2872 1480 2928 quo
1504 2855 1688 2926 turpia
1711 2855 1867 2910 celet.

416 2961 666 3032 Regibus
690 2962 781 3015 hic
805 2979 924 3014 mos
948 2970 1058 3027 est,
1091 2960 1186 3015 ubi
1211 2976 1380 3031 equos
1405 2965 1740 3013 mercanturz
1778 2964 1996 3029 opertos
2089 2971 2100 2980 ·

416 3064 743 3134 inspiciunt,
772 3080 841 3117 ne
865 3063 913 3117 si
936 3064 1118 3129 facies,
1148 3070 1212 3117 ut
1236 3077 1414 3131 saepe,
1445 3059 1640 3113 decora

415 3165 568 3219 molli
592 3164 734 3219 fulta
757 3166 896 3235 pede
922 3172 1035 3231 est,
1064 3170 1361 3235 emptorem
1386 3161 1612 3216 inducat
1634 3162 1894 3226 hiantem,

418 3325 482 3371 63
509 3317 746 3386 peccesve(
800 3326 885 3379 (64
913 3329 1114 3386 genero.)
1177 3323 1242 3369 68
1267 3326 1448 3371 videnti.
1510 3322 1538 3366 7
1546 3319 1574 3366 8
1601 3323 1761 3367 sectari
1785 3327 2021 3367 matrones.
2077 3317 2135 3363 81
2163 3320 2284 3375 licet,

276 3411 304 3442 o
327 3396 555 3454 Cerinthe,
582 3405 674 3441 tuo.
749 3393 812 3439 84
838 3410 940 3441 nec.
1014 3394 1100 3449 (88
1130 3394 1298 3448 ducat.)

367 3494 493 3539 borna.
511 3493 558 3530 11.
883 3505 903 3512 -
1840 3468 1869 3514 3
