2667 3809
397 246 499 297 256
811 296 819 300 ,
1013 260 1022 266 “
1102 254 1519 297 Errsromntm
1543 242 1621 307 ΙΙ,
1652 244 1703 295 2.

530 413 738 450 summe
761 395 976 448 munito
1001 401 1056 448 et
1079 393 1377 448 multarum
1402 394 1571 448 divite
1596 413 1798 451 rerum.

534 481 710 536 clarus
739 481 809 533 ob
834 480 893 534 id
916 480 1123 533 factum
1148 479 1307 533 donis
1333 486 1558 534 ornatur
1580 482 1844 547 honestis,

530 567 806 638 accipitet
827 567 913 621 bis
939 567 1081 620 dena
1104 583 1265 636 super
1289 565 1541 620 sestertia
1563 583 1867 621 nummum.

527 653 667 705 forte
693 648 795 705 sub
819 653 924 705 hoc
948 658 1165 722 tempus
1196 651 1479 705 castellum
1503 659 1750 705 evertere-
1764 658 1984 722 praetor

428 744 491 792 35
527 722 711 792 nescio
737 737 886 808 quod
911 737 1134 808 cupiens
1159 736 1368 790 hortari
1391 736 1572 807 coepit
1597 736 1833 789 eundem

525 823 723 888 verbis,
760 839 898 893 quae
921 822 1116 876 timido
1141 838 1360 892 quoque
1384 828 1609 891 possent
1633 821 1833 875 addere
1856 829 2125 877 mentem=

528 909 592 974 „i
614 909 757 961 bone
783 925 891 978 quo
917 907 1091 960 virtus
1115 913 1213 960 tua
1236 913 1292 960 te
1316 912 1494 972 vocat,
1523 907 1543 960 i
1565 907 1705 978 pede
1729 907 1931 974 fausto,

528 993 757 1065 grandia
780 993 990 1047 laturus
1011 991 1330 1045 meritorum
1355 992 1617 1063 praemia.·
1652 992 1787 1064 quid
1812 995 1960 1048 stas?
1975 999 2013 1026 ·‘

523 1080 659 1133 Post
680 1079 814 1132 haec
838 1077 931 1131 ille
957 1083 1108 1132 catus
1133 1077 1480 1148 quantumvis
1501 1078 1771 1132 rusticusz
1811 1077 1976 1144 ‚,ibit,

422 1172 488 1217 40
526 1165 629 1219 ibit
654 1181 735 1229 ec,
767 1180 875 1235 quo
899 1163 1000 1228 vis,
1031 1162 1125 1234 qui
1149 1179 1340 1216 zonam
1362 1163 1671 1234 perdidit‚“
1697 1163 1896 1234 inquit.

523 1251 733 1304 Romae
757 1248 957 1306 nutriri
981 1248 1118 1301 mihi
1143 1249 1376 1320 contigit
1400 1257 1565 1321 atque
1591 1249 1773 1303 doceri

523 1337 695 1391 iratus
720 1335 897 1390 Graiis
924 1340 1189 1404 quantum
1220 1335 1498 1389 nocuisset
1521 1335 1785 1389 Achilles.

524 1423 766 1476 adiecere
789 1421 969 1474 bonae·
990 1420 1174 1490 paullo
1200 1420 1323 1491 plus
1350 1420 1480 1474 artis
1505 1421 1775 1486 Athenae,
1818 1434 1824 1441 ·

524 1507 731 1562 scilicet
754 1512 816 1559 ut
832 1523 1055 1577 possem
1082 1523 1247 1560 curvo
1272 1507 1593 1577 dignoscere
1615 1512 1827 1560 rectum

420 1601 483 1646 45
521 1601 684 1665 atque
709 1593 853 1646 inter
877 1590 1039 1644 silvas
1063 1591 1325 1645 Academi
1351 1607 1610 1662 quaerere
1632 1578 1839 1646 verum.

521 1678 658 1731 dura
683 1677 779 1731 sed
803 1694 1051 1731 emovere
1075 1677 1197 1730 loco
1221 1694 1307 1730 me
1333 1684 1579 1749 tempora
1602 1685 1777 1748 grat0,

520 1763 801 1833 civilisque
824 1762 1017 1816 rudem
1039 1761 1172 1815 belli
1199 1762 1331 1816 tulit
1355 1770 1536 1816 aestus
1560 1763 1618 1817 in
1643 1781 1793 1818 arma

519 1848 761 1902 Caesaris
784 1847 1027 1918 Augusti
1050 1865 1160 1901 non
1184 1864 1513 1918 responsura
1533 1849 1771 1902 lacertis.

516 1934 662 1987 unde
688 1933 850 1987 simul
873 1934 1107 2005 primum
1131 1951 1219 1986 me
1244 1932 1497 1987 dimisere
1520 1933 1781 2008 Philippi,
1856 1956 1863 1965 ²

413 2023 478 2079 50
517 2018 712 2072 decisis
735 2017 996 2073 humilem
1022 2019 1215 2090 pennis
1240 2012 1579 2090 inopemque(
1593 2019 1807 2089 paterni

516 2110 572 2157 et
596 2104 723 2157 laris
749 2110 805 2157 et
823 2104 987 2159 fundi
1011 2111 1301 2176 paupertas
1325 2104 1546 2176 impulit
1571 2105 1768 2170 audax,

517 2197 580 2243 ut
603 2204 790 2244 versus
814 2188 1065 2244 facerem.
1106 2191 1201 2245 sed
1226 2191 1376 2262 quod
1400 2208 1511 2244 non
1537 2190 1680 2244 desit
1702 2190 1993 2247 habentem

516 2292 654 2347 quae
678 2282 938 2346 poterunt
962 2294 1204 2347 unquam
1230 2275 1361 2329 satis
1386 2292 1689 2346 expurgare
1715 2277 1940 2343 cicutae,

514 2362 573 2415 ni
597 2361 791 2416 melius
818 2361 1053 2415 dormire
1080 2368 1268 2434 putem
1294 2376 1456 2432 quam
1486 2362 1719 2416 scribere
1743 2365 1969 2417 versus?

412 2455 474 2499 55
513 2446 743 2518 Singula
767 2447 834 2500 de
859 2447 1017 2501 nobis
1042 2448 1172 2501 anni
1195 2448 1526 2518 praedantur
1550 2454 1774 2513 euntes3

510 2534 755 2604 eripuere
780 2532 946 2598 iocos,
975 2550 1243 2598 venerem,
1275 2533 1541 2598 convivia,
1571 2530 1795 2599 ludum3

512 2617 749 2671 tendunt
774 2624 1094 2689 extorquere
1119 2626 1397 2689 poemata:
1438 2619 1571 2690 quid
1594 2619 1787 2673 faciam
1813 2620 1936 2673 vis?

506 2702 762 2774 Denique
787 2721 897 2756 non
924 2721 1111 2757 omnes
1136 2705 1323 2757 eadem
1348 2705 1616 2775 mirantur
1639 2711 1947 2775 amantque.

514 2789 748 2842 carmine
773 2795 835 2841 tu
860 2790 1084 2859 gaudes,
1115 2790 1203 2843 hic
1229 2790 1532 2845 delectatur
1554 2791 1767 2856 iambis,

407 2878 470 2924 60
506 2872 602 2926 ille
625 2873 847 2928 Bioneis
872 2875 1211 2929 sermonibus
1235 2883 1289 2929 et
1314 2877 1426 2930 sale
1450 2877 1628 2947 nigro.

508 2965 615 3011 tres
640 2958 775 3011 mihi
800 2961 1057 3014 convivae
1082 2979 1250 3032 prope
1276 2962 1564 3017 dissentire
1589 2964 1862 3029 videntur,

505 3053 789 3114 poscentes
816 3047 963 3098 vario
987 3047 1223 3100 multum
1247 3048 1463 3103 diversa
1485 3049 1688 3119 palato.

504 3129 637 3199 quid
662 3129 820 3182 dem?
858 3131 990 3201 quid
1014 3149 1126 3185 non
1151 3132 1311 3188 dem?
1348 3134 1532 3188 renuis
1555 3141 1636 3200 tu,
1667 3136 1817 3207 quod
1840 3135 1996 3190 iubet
2020 3135 2187 3200 alten

504 3319 566 3366 32
594 3323 766 3379 opimis.
839 3321 904 3366 44
931 3327 1118 3383 possim3
1143 3327 1314 3373 vellem.
1387 3325 1453 3372 46
1476 3343 1691 3377 amovere.
1765 3330 1830 3376 53
1855 3344 2125 3392 expugnare.
2201 3329 2265 3375 54
2293 3330 2375 3374 nil.

367 3387 430 3433 63
468 3390 617 3434 renuis
642 3390 759 3446 quod
783 3397 843 3435 tu.
