2667 3809
497 1088 549 1161 Ἴ
612 1114 691 1230 a,
736 1111 1066 1194 nomm
1122 1107 1414 1191 FLAccl
1472 1103 2056 1188 EPlSTOLARUM

1023 1347 1274 1415 ⁴Liber
1314 1342 1618 1410 Tertius

1287 1508 1381 1551 sive

916 1638 1016 1701 De
1044 1638 1202 1701 Arte
1233 1635 1496 1700 Poetica
1529 1633 1744 1696 Liber.

1123 1976 1229 2029 (Aa
1256 1976 1539 2028 Pisones.)

467 2105 760 2186 Humano
786 2133 950 2204 capiti
974 2132 1236 2189 cervicem
1258 2133 1438 2203 pictor
1461 2132 1715 2202 equinam

462 2221 691 2290 iungere
715 2218 761 2272 si
785 2219 917 2274 velit
940 2227 998 2273 et
1019 2219 1194 2274 varias
1218 2219 1478 2272 inducere
1502 2217 1714 2288 plumas

461 2306 707 2377 undique
732 2304 943 2358 collatis
966 2302 1239 2371 membris,
1273 2311 1336 2358 ut
1359 2304 1594 2375 turpiter
1617 2309 1795 2357 atrum

463 2393 679 2447 desinat
700 2392 759 2445 in
784 2392 985 2463 piscem
1008 2390 1206 2445 mulier
1228 2391 1465 2445 formosa
1488 2405 1753 2460 superne=

397 2487 426 2531 5
464 2484 768 2550 spectatum
792 2477 1013 2532 admissi
1037 2477 1207 2530 risum
1232 2476 1485 2540 teneatis,
1515 2474 1711 2528 amici?

463 2564 683 2629 credite,
712 2564 959 2628 PisoneS,
988 2562 1082 2619 isti
1106 2563 1324 2616 tabulae
1349 2562 1466 2616 fore
1488 2560 1690 2615 librum

462 2650 810 2720 persimilem,
843 2650 998 2703 cuius
1021 2649 1174 2704 velut
1198 2650 1349 2720 aegri
1375 2647 1585 2701 somnia
1607 2662 1778 2700 vanae

460 2735 738 2805 fingentur
762 2735 988 2806 specieS,
1019 2741 1082 2789 ut
1105 2752 1206 2788 nec
1229 2750 1325 2805 pes
1349 2751 1449 2793 nec
1475 2740 1638 2804 caput
1661 2732 1760 2786 uni

459 2821 722 2874 reddatur
745 2821 966 2874 formae.
1022 2818 1375 2886 „Pictoribus
1400 2827 1563 2889 atque
1590 2818 1767 2889 poetis

362 2911 422 2956 10
462 2905 731 2976 quidlibet
754 2905 994 2959 audendi
1018 2922 1230 2975 semper
1254 2905 1360 2958 fuit
1383 2921 1556 2975 aequa
1579 2905 1889 2974 potestas.“

462 2989 674 3044 Scimus
698 2996 754 3044 et
777 2991 917 3044 hanc
942 2990 1157 3046 veniam
1181 2989 1525 3061 petimusque
1549 2989 1847 3058 damusque
1871 2984 2127 3049 vicissim,

458 3074 553 3128 sed
578 3091 689 3127 non
713 3080 779 3127 ut
801 3074 1029 3145 placidis
1047 3081 1249 3128 coeant
1272 3075 1519 3140 immitia,
1549 3092 1661 3128 non
1686 3080 1752 3128 ut

458 3217 514 3261 A.
553 3214 581 3259 2
609 3216 817 3260 iuducere
840 3230 1033 3274 pennas;
1061 3219 1280 3271 (formas).
1356 3217 1384 3263 3
1412 3219 1608 3264 collectis
1633 3225 1814 3264 ——auh
1877 3217 1904 3261 5
1934 3217 2151 3262 tenentis?
2174 3216 2338 3271 Amici,

324 3285 502 3328 cmditc.
578 3282 606 3327 8
644 3283 886 3339 finguntur.
960 3282 989 3327 9
1027 3285 1282 3332 reddantur.

460 3353 509 3394 B.
548 3352 753 3407 Quinti
778 3351 973 3395 Oratii
999 3352 1201 3397 Flacci
1237 3354 1301 3399 de
1338 3362 1467 3399 arte
1503 3356 1742 3412 poetica
1774 3353 1856 3398 Ad
1881 3354 2137 3398 Pisones
2172 3352 2336 3398 liber

322 3419 562 3476 incipit.
636 3417 665 3461 6
704 3420 915 3475 Pysones.
989 3416 1018 3461 8
1056 3420 1318 3478 Fingumur.
1395 3421 1455 3470 10
1493 3422 1738 3477 Quodlibet.
1818 3419 1878 3464 12
1916 3423 2099 3467 inmitis.
