2667 3809
407 262 475 312 60
1156 269 1494 311 sumnam
1518 258 1564 322 Ι,
1595 261 1644 310 6.

542 412 681 467 Inde
704 412 896 465 Rubos
917 412 1046 465 fessi
1069 410 1431 481 pervenimuS,
1459 416 1649 481 utpote
1673 410 1898 482 longum

442 506 505 551 95
545 505 822 569 carpentes
847 498 950 551 iter
973 505 1029 551 et
1052 498 1254 551 factum
1279 497 1585 567 corruptius
1611 497 1787 550 imbri.

543 585 769 639 Postera
791 591 1080 654 tempestas
1104 582 1310 648 melior,
1340 583 1428 637 via
1451 584 1603 653 peior
1626 583 1694 637 ad
1719 602 1891 654 usque

544 671 671 725 Bari
693 669 907 723 moenia
928 668 1142 741 piscosi.
1183 669 1307 723 dein
1334 668 1533 722 Gnatia
1545 670 1814 739 “Lymphis

544 756 694 810 iratis
720 763 991 809 exstructa
1014 756 1165 809 dedit
1187 756 1436 825 risusque
1461 755 1732 824 iocosque,

544 842 674 896 dum
697 841 909 895 flamma
928 843 1048 895 sine
1069 842 1231 895 thura
1254 841 1551 911 liquescere
1574 839 1760 894 limine
1783 859 1934 895 sacro

415 934 508 979 100
545 928 865 999 persuadere
890 928 1055 999 cupit.
1095 927 1279 980 credat
1301 926 1538 991 Iudaeus
1562 927 1770 998 Apella,

543 1032 654 1068 non
679 1032 810 1084 eg03
852 1029 1083 1085 namque
1109 1013 1237 1066 deos
1263 1014 1429 1066 didici
1453 1030 1702 1067 securum
1726 1029 1886 1084 agere
1907 1027 2116 1081 aevum,

542 1118 641 1154 nec
664 1100 711 1153 si
736 1100 867 1171 quid
890 1099 1012 1152 miri
1035 1099 1197 1152 faciat
1219 1105 1430 1164 natura,
1459 1099 1588 1152 deos
1613 1100 1671 1153 id

543 1187 725 1239 tristes
750 1204 817 1239 ex
841 1185 951 1239 alto
976 1185 1111 1238 caeli
1132 1185 1418 1238 demittere
1441 1191 1603 1239 tect0.

540 1272 892 1326 Brundisium
904 1270 1109 1341 'longae
1133 1269 1255 1324 finis
1282 1271 1604 1342 chartaeque
1627 1273 1853 1344 viaeque
1879 1280 1980 1327 est.

1326 1561 1455 1627 VI.

1259 1715 1535 1769 munus.)

537 1838 665 1892 Non
690 1839 833 1908 quia,
863 1838 1167 1904 Maecenas,
1194 1839 1472 1910 Lydorum
1497 1839 1762 1911 quidquid
1785 1842 2047 1897 Etruscos

538 1924 769 1978 incoluit
790 1924 941 1989 fines,
970 1942 1127 1978 nemo
1152 1927 1462 1995 generosior
1486 1934 1568 1980 est-
1591 1933 1664 1991 te,

540 2028 639 2064 nec
665 2011 813 2081 quod
835 2028 968 2064 avus
991 2010 1092 2064 tibi
1116 2017 1391 2066 maternus
1415 2013 1521 2066 fuit
1541 2021 1706 2083 atque
1729 2020 2004 2083 paternus,

541 2097 671 2151 olim
695 2097 789 2168 qui
811 2096 1021 2167 magnis
1045 2096 1354 2166 legionibus
1377 2098 1750 2171 imperitarint,

473 2191 500 2235 5
538 2189 601 2237 ut
623 2183 865 2254 plerique
889 2182 1092 2247 solent,
1120 2200 1251 2236 naso
1276 2185 1560 2254 suspendis
1584 2185 1797 2244 adunco

538 2271 775 2341 ignotos,
804 2278 868 2323 ut
889 2287 974 2322 me
998 2269 1251 2323 libertino
1276 2278 1427 2341 patre
1451 2278 1660 2324 natum.

539 2356 675 2409 Cum
699 2356 895 2410 referre
918 2374 1102 2427 negas,
1132 2357 1280 2427 quali
1305 2357 1378 2409 sit
1401 2356 1629 2427 quisque
1653 2365 1873 2428 parente

534 2449 713 2507 natus,
728 2443 872 2496 *dum
897 2443 1186 2514 ingenuus,
1214 2442 1504 2513 persuades
1528 2444 1631 2496 hoc
1654 2442 1756 2497 tibi
1779 2461 1919 2509 vere,

534 2537 659 2583 ante
682 2530 1004 2600 potestatem
1029 2529 1173 2582 Tulli
1195 2536 1360 2599 atque
1382 2528 1622 2599 ignobile
1645 2547 1872 2600 regnum

441 2623 500 2667 10
537 2616 737 2669 multos
758 2633 919 2688 saepe
943 2616 1086 2669 viros
1109 2613 1276 2668 nullis
1299 2614 1592 2668 maioribus
1622 2623 1769 2669 ortos

536 2709 591 2755 et
611 2701 810 2755 vixisse
832 2701 1030 2772 probos
1054 2700 1245 2770 amplis
1272 2708 1326 2754 et
1349 2701 1646 2755 honoribus
1670 2709 1888 2766 auctos3

533 2793 720 2840 contra
746 2787 1040 2841 Laevinum
1057 2827 1070 2851 ,
1100 2786 1280 2840 Valeri
1305 2803 1495 2857 genus,
1531 2788 1674 2841 unde
1698 2786 1971 2859 Superbus

532 2871 854 2941 Tarquinius
878 2889 1046 2941 regno
1070 2871 1259 2942 pulsus
1283 2872 1453 2944 fugit,
1482 2872 1645 2926 unius
1668 2874 1803 2927 assis

533 2973 642 3009 non
667 2974 905 3027 unquam
929 2958 1103 3028 pretio
1126 2957 1296 3027 pluris
1319 2959 1553 3025 licuisse,
1583 2965 1806 3013 notante

437 3048 496 3093 15
534 3042 711 3096 iudice
737 3060 844 3112 quo
868 3043 1013 3096 nosti
1026 3043 1255 3113 populo,
1288 3045 1386 3115 qui
1411 3046 1612 3099 stultus
1637 3046 1869 3099 honores

535 3144 692 3198 saepe
717 3127 810 3180 dat
832 3127 1072 3198 indignis
1097 3136 1152 3183 et
1174 3129 1347 3183 famae
1369 3131 1536 3185 servit
1557 3133 1792 3202 ineptus,
1873 3140 1878 3143 ’

537 3271 599 3316 97
638 3274 762 3316 Burri
786 3295 855 3303 —
879 3272 1050 3317 dehinc.
1125 3272 1244 3327 (103
1282 3274 1478 3333 templo.)
1554 3273 1649 3318 104
1689 3277 1997 3321 Brundusium.
2069 3277 2143 3322 vl.
2169 3274 2200 3318 4
2240 3278 2397 3333 regio-

399 3341 528 3387 nibus
555 3362 613 3372 —
645 3342 965 3398 imperitarent3
992 3343 1308 3400 imperitarunt.
1393 3341 1422 3387 6
1458 3351 1531 3389 aut
1555 3358 1636 3388 me.
1728 3344 1783 3387 11
1826 3345 1973 3390 multis
1996 3353 2057 3391 et.
2134 3342 2193 3388 13
2231 3345 2397 3404 pulsus

396 3411 494 3455 fuit.
571 3408 631 3452 15
669 3422 793 3466 quem
819 3412 950 3454 nosti.
