2667 3809
678 1089 754 1180 ρ.
791 1030 1115 1168 nomm
1176 1049 1462 1169 FLACffl
1527 1030 2005 1172 SATmARUM

998 1328 1222 1397 Liber
1256 1329 1675 1393 Secundus·

1296 1664 1357 1734 I.

1150 1840 1520 1896 (Trebatius.)

478 1964 635 2050 Sunt
659 1997 856 2067 quibus
882 1998 939 2051 in
963 1997 1127 2052 satira
1149 1998 1337 2053 videor
1360 1999 1521 2053 nimis
1547 2016 1668 2053 acer
1693 2006 1748 2055 et
1776 1998 1920 2052 ultra

475 2083 651 2153 legem
676 2084 897 2137 tendere
922 2100 1088 2154 opus3
1131 2086 1246 2138 sine
1272 2086 1451 2139 nervis
1476 2085 1661 2151 altera,
1692 2083 1961 2155 quidquid

478 2169 774 2238 composui,
804 2186 928 2239 pars
953 2186 1069 2223 esse
1093 2179 1268 2242 putat,
1300 2171 1609 2243 similesque
1634 2189 1878 2225 meorum

475 2253 624 2308 mille
650 2254 738 2307 die
761 2273 947 2309 versus
974 2256 1169 2313 d'educi
1193 2275 1371 2327 posse.
1423 2258 1659 2323 Trebati,

411 2349 436 2393 5
476 2341 608 2412 quid
632 2340 824 2395 faciam
849 2343 1168 2412 praescribe.
1223 2343 1597 2409 „Quiescas.“
1647 2343 1731 2396 Ne
1754 2342 1965 2406 faciam,
1997 2340 2197 2411 inquis,

477 2428 696 2481 omnino
722 2429 947 2483 versus?
997 2429 1239 2506 ‚,Aio.“x
1264 2430 1489 2483 Peream
1514 2429 1671 2493 male,
1703 2429 1750 2481 si
1773 2445 1885 2481 nou

480 2514 745 2586 optimum
769 2522 913 2580 erat3
951 2532 1138 2568 verum
1161 2533 1372 2586 nequeo
1399 2514 1652 2568 dormire.
1707 2515 1853 2580 „Ter
1876 2513 2029 2567 uncti

477 2607 794 2655 transnanto
820 2600 1074 2664 Tiberim,
1104 2617 1294 2653 somno
1320 2600 1520 2670 quibus
1546 2608 1629 2654 est
1655 2618 1791 2672 opus
1815 2599 1945 2663 alto,

477 2687 848 2759 irriguumque
873 2703 1021 2740 mero
1047 2686 1148 2739 sub
1173 2693 1388 2744 noctem
1415 2703 1609 2756 corpus
1632 2685 1891 2738 habento.

383 2778 441 2824 10
479 2780 575 2826 aut
599 2773 644 2826 si
668 2778 853 2826 tantus
878 2788 1028 2825 amor
1053 2771 1322 2826 scribendi
1347 2777 1402 2824 te
1425 2772 1585 2842 rapit,
1616 2772 1755 2825 aude

480 2858 720 2912 Caesaris
744 2857 934 2912 invicti
958 2876 1043 2911 res
1068 2858 1264 2923 dicere,
1293 2857 1467 2911 multa
1489 2857 1735 2910 laborum

478 2928 716 3012 praemia
737 2942 1013 2996 laturus.“
1066 2942 1354 3014 Cupiduur,
1383 2950 1535 3013 pater
1561 2942 1781 3013 optime,
1810 2941 1952 2995 vires

480 3026 769 3081 deficiunt:
807 3046 983 3099 neque
1008 3029 1152 3082 enim
1178 3030 1356 3100 quivis
1381 3028 1657 3082 horrentia
1681 3026 1807 3097 pilis

482 3112 699 3183 agmina
723 3131 822 3167 nec
845 3113 1016 3166 fracta
1038 3123 1325 3185 pereuntes
1352 3114 1574 3185 cuspide
1600 3113 1786 3167 Gallos

386 3205 444 3249 15
483 3206 577 3251 aut
600 3198 831 3253 labentis
856 3217 997 3270 equo
1023 3199 1294 3253 describat
1317 3201 1542 3259 vulnera
1565 3199 1774 3253 Parthi.

484 3286 784 3350 „Attamen
811 3293 866 3339 et
889 3282 1094 3339 iustum
1117 3292 1331 3354 poteras
1357 3292 1412 3338 et
1436 3284 1667 3338 scribere
1691 3285 1905 3349 fortem,
1981 3294 1984 3297 ’

488 3429 510 3473 1
552 3430 716 3475 videar.
789 3428 817 3473 2
845 3430 1085 3475 intendere.
1157 3428 1187 3473 4
1220 3429 1383 3476 diduci.
1462 3429 1519 3474 10
1547 3432 1676 3490 capit.
1754 3429 1813 3474 15
1841 3429 2079 3486 desorihit3
2105 3429 2349 3476 describet.
