2667 3809
405 260 504 313 128

443 676 506 721 65

445 1101 507 1147 70

446 1531 507 1575 75

1157 271 1495 312 SAnRARtm
1520 258 1596 323 11,
1626 262 1679 311 4.

543 428 901 483 quaecunque
925 411 1222 469 immundis
1245 412 1460 466 fervent
1483 412 1648 465 allata
1671 412 1910 481 popinis.

542 499 649 552 Est
674 515 868 569 operae
891 498 1129 568 pretium
1156 498 1390 568 duplicis
1415 513 1736 567 pernoscere
1761 497 1896 550 iuris

543 589 814 636 naturam.
867 583 1100 653 simplex
1125 601 1156 637 e
1180 582 1328 636 dulci
1353 588 1569 637 constat
1592 582 1754 646 olive,
1801 602 1810 607 ·

547 669 697 740 quod
718 669 916 739 pingui
939 668 1165 723 miscere
1187 685 1340 722 mero
1364 669 1647 739 muriaque
1674 666 1904 731 decebit,

543 770 655 806 non
680 754 787 806 alia
813 771 975 825 quam
1000 772 1108 825 qua
1131 753 1399 823 Byzantia
1420 753 1609 823 putuit
1631 770 1775 806 orca.

544 840 649 894 hoc
673 840 770 894 ubi
796 839 1082 893 confusum
1107 841 1269 893 sectis
1293 837 1557 892 inferbuit
1575 838 1764 891 herbis

549 925 886 995 Corycioque
912 943 1071 978 croco
1094 942 1343 997 sparsum
1370 924 1544 989 stetit,
1570 924 1795 1003 insuper
1819 924 1987 979 addes

544 1027 732 1080 pressa
754 1011 1091 1065 Venafranae
1117 1011 1266 1081 quod
1289 1012 1427 1064 baca
1448 1011 1658 1064 remisit
1682 1011 1879 1065 olivae.

547 1095 764 1149 Picenis
788 1097 993 1151 cedunt
1014 1096 1190 1167 pomis
1215 1096 1467 1151 Tiburtia
1489 1112 1640 1160 succ,

544 1197 671 1234 nam
695 1180 832 1234 facie
846 1190 1153 1252 praestant.
1206 1181 1478 1236 Venucula
1502 1181 1761 1235 convenit
1783 1180 1927 1234 ollis.

544 1267 747 1322 rectius
771 1267 1043 1322 Albanam
1066 1268 1219 1323 fumo
1246 1268 1526 1322 duraveris
1552 1283 1733 1320 uvam.

545 1351 686 1406 hanc
712 1370 814 1424 ego
841 1375 965 1410 cum
990 1358 1163 1424 malis,
1193 1374 1297 1428 ego
1321 1355 1530 1408 faecem
1556 1344 1762 1423 primus
1789 1359 1845 1425 et
1868 1351 2021 1418 allec,

545 1438 753 1508 primus
778 1449 834 1495 et
855 1443 1115 1498 invenior
1131 1444 1286 1515 piper
1309 1443 1496 1495 album
1521 1457 1647 1494 cum
1670 1438 1782 1491 sale
1805 1438 1966 1508 nigro

544 1524 812 1579 incretum
835 1529 990 1597 puris
1015 1527 1467 1600 circumposuisse
1492 1526 1709 1581 catillis.

547 1609 792 1667 Immane
816 1620 900 1666 est
921 1613 1135 1679 vitium,
1162 1615 1294 1668 dare
1318 1614 1472 1668 milia
1494 1620 1651 1667 terna
1671 1610 1916 1664 macello*

544 1704 891 1767 angustoque
913 1716 1082 1768 vagos
1106 1700 1281 1770 pisces
1308 1715 1501 1768 urgere
1527 1698 1729 1751 catino.

544 1781 752 1851 Magna
774 1789 959 1837 movet
983 1785 1263 1838 stomacho
1287 1784 1527 1848 fastidia,
1557 1801 1655 1838 seu
1680 1800 1816 1853 puer
1840 1781 2023 1835 unctis

545 1868 803 1923 tractavit
826 1869 1048 1923 calicem
1071 1871 1343 1934 manibus,
1375 1870 1506 1922 dum
1521 1868 1675 1923 ,furta
1691 1867 1940 1937 'ligurrit,

448 1959 519 2005 80
549 1952 662 2007 sive
689 1954 869 2022 gravis
894 1954 1066 2008 veteri
1088 1961 1327 2009 craterae
1352 1955 1518 2009 limus
1542 1954 1809 2007 adhaesit.

448 2388 509 2435 85

449 2816 513 2862 90
549 2828 676 2867 nam
702 2812 950 2880 quamvis
974 2810 1202 2865 memori
1223 2811 1425 2865 referas
1449 2812 1587 2866 mihi
1609 2817 1829 2882 pectore
1851 2814 2067 2873 cuncta,

545 2037 749 2093 vilibus
762 2038 831 2091 ein
857 2038 1053 2110 scopis,
1081 2040 1141 2094 in
1164 2042 1394 2111 mappis,
1424 2040 1482 2094 in
1507 2039 1670 2094 scobe
1694 2046 1933 2110 quantus

549 2125 801 2180 consistit
824 2127 1113 2195 sumptus?
1147 2127 1431 2197 neglectis,
1460 2126 1731 2196 flagitium
1754 2126 1970 2196 ingens.

546 2211 657 2275 ten’
685 2210 896 2281 lapides
918 2211 1097 2266 varios
1121 2211 1398 2266 lutulenta
1419 2212 1609 2265 radere
1634 2212 1831 2281 palma,

547 2305 603 2352 et
626 2298 813 2368 Tyrias
840 2298 966 2353 dare
991 2297 1194 2352 circum
1220 2298 1397 2351 inluta
1417 2298 1615 2352 toralia
1637 2303 1834 2361 vestes,

548 2382 782 2437 oblitum
808 2391 1013 2454 quanto
1039 2401 1221 2437 curam
1247 2390 1635 2454 sumptumque
1657 2383 1921 2435 minorem

549 2469 682 2522 haec
706 2470 961 2533 habeant,
990 2475 1145 2523 tanto
1167 2469 1496 2540 reprehendi
1519 2468 1720 2522 iustius
1743 2466 1871 2531 illis,

549 2572 688 2629 quae
712 2556 820 2613 nisi
844 2553 1108 2609 divitibus
1130 2562 1409 2625 nequeant
1430 2554 1752 2623 contingere
1775 2550 2013 2605 mensis?
2034 2556 2072 2583 “
2098 2581 2170 2591 —-

549 2642 729 2696 Docte
754 2642 893 2706 Cati,
921 2657 1019 2711 per
1042 2640 1336 2697 amicitiam
1361 2640 1626 2710 divosque
1649 2644 1893 2709 rogatus,

551 2728 751 2785 ducere
772 2738 859 2779 me
884 2725 1136 2779 auditum
1160 2743 1355 2796 perges
1380 2728 2024 2797 quocunquememento.

552 2911 662 2948 non
684 2902 869 2949 tamen
894 2896 1161 2966 interpres
1184 2897 1510 2951 tantundem
1540 2895 1761 2950 iuveris.
1813 2894 1956 2948 adde

550 2980 765 3034 vultum
789 2980 1149 3052 habitumque
1172 2982 1429 3048 hominis,
1459 2999 1626 3054 quem
1645 2988 1709 3035 tu
1733 2962 1936 3035 vidisse
1959 2978 2154 3033 beatus

550 3083 664 3119 non
687 3066 881 3136 magni
900 3067 1111 3138 pendis,
1141 3068 1271 3138 quia
1284 3068 1552 3139 contigit2
1591 3074 1650 3121 at
1670 3065 1808 3123 mihi
1833 3080 1965 3119 cura

420 3345 482 3392 78
509 3354 681 3393 movent
705 3347 988 3397 stomachum.
1061 3346 1125 3391 79
1150 3348 1251 3393 dun
1275 3349 1435 3395 frum

557 3276 620 3323 65
658 3287 703 3323 nt
727 3274 906 3337 ping'ui3
937 3279 1266 3338 (quinquenni.)
1298 3312 1331 3325 „1
1390 3278 1453 3323 66
1491 3280 1672 3338 putruit.
1785 3275 1859 3323 -69
1897 3277 2047 3325 bacca.

421 3415 484 3461 86
520 3417 743 3476 reprendi.
818 3414 881 3460 87
920 3423 1155 3475 nequeunt.
1228 3415 1295 3460 90
1329 3416 1503 3462 rerem
1526 3416 1722 3462 memori.

2180 3273 2243 3319 73
2280 3274 2420 3320 halec.

1508 3346 1569 3392 81
1599 3347 1762 3392 mutio.
1836 3344 1899 3392 84
1925 3345 2255 3404 inlotn3fflotn3
2276 3344 2415 3388 illuu-
