2667 3809
314 253 415 304 218
1018 262 1435 306 musromnuu
1459 252 1507 314 1,
1540 256 1622 305 17.

457 404 517 458 si
541 412 596 461 te
620 410 778 475 grata
801 405 962 480 quies⁴
979 411 1037 459 et
1058 403 1288 476 primam
1312 422 1536 460 somnus
1559 405 1618 459 in
1641 407 1832 460 horam

456 489 710 554 delectat,
739 489 786 543 si
811 496 865 544 te
889 490 1071 560 pulvis
1096 490 1464 561 strepitusque
1487 498 1746 558 rotarum,

457 576 505 629 si
528 576 697 630 laedit
722 592 985 646 caupona,
1017 576 1373 630 Ferentinum
1398 578 1477 630 ire
1503 577 1725 633 iubebo.

455 679 582 715 nam
606 679 784 732 neque
810 661 1073 716 divitibus
1098 662 1429 732 contingunt
1453 663 1655 733 gaudia
1678 663 1828 729 solis,

360 753 420 799 10
456 764 557 800 nec
582 747 723 800 vixit
744 747 904 812 male,
938 748 1031 818 qui
1055 754 1218 801 natus
1242 749 1587 818 moriensque
1611 749 1825 805 fefellit.
1927 810 1935 817 ,

456 833 502 885 si
527 833 784 902 prodesse
808 833 920 886 tuis
945 833 1240 903 paulloque
1263 832 1557 903 benignius
1582 834 1765 904 ipsum

457 925 512 970 te
537 924 769 972 tractare
794 918 961 983 voles,
995 919 1217 973 accedes
1242 919 1418 974 siccus
1441 919 1514 987 ad
1538 926 1783 973 unctum.

461 1002 563 1067 „Si
587 1004 876 1074 pranderet
900 1003 1022 1056 olus
1047 1004 1334 1074 patienter,
1366 1003 1588 1074 regibus
1613 1005 1697 1058 uti

459 1089 633 1143 nollet
656 1087 1035 1160 Aristippus.“
1060 1119 1130 1129 —
1167 1089 1274 1156 „Si
1297 1090 1462 1143 sciret
1483 1090 1707 1161 regibus
1732 1090 1832 1155 uti,

365 1183 425 1227 15
464 1176 736 1230 fastidiret
759 1175 880 1228 olus
905 1174 1002 1245 qui
1023 1192 1110 1227 me
1135 1180 1360 1229 notat.“
1399 1176 1575 1229 utrius
1599 1176 1800 1229 horum

461 1261 624 1314 verba
648 1261 843 1331 probes
868 1266 924 1313 et
947 1260 1108 1324 facta,
1138 1261 1290 1326 doce,
1319 1261 1409 1315 vel
1432 1261 1614 1315 iunior
1638 1262 1786 1326 audi,

460 1363 556 1401 cur
580 1346 653 1400 sit
676 1345 945 1416 Aristippi
967 1346 1150 1416 potior
1173 1346 1463 1401 sententia.
1504 1363 1739 1417 namque

460 1431 767 1484 mordacem
793 1431 1043 1502 cynicum
1070 1433 1146 1485 sic
1171 1432 1446 1496 eludebat,
1478 1439 1539 1485 ut
1561 1432 1735 1496 aiunt,

460 1533 720 1582 „scurror
745 1533 848 1587 ego
873 1517 989 1587 ipse
1013 1517 1166 1583 mihi,
1196 1517 1400 1589 populo
1424 1524 1517 1581 tu;
1558 1517 1761 1571 rectius
1785 1517 1889 1570 hoc
1915 1524 1971 1570 et

359 1607 422 1653 20
461 1600 802 1672 splendidius
826 1601 1000 1655 multo
1026 1609 1126 1656 est.
1167 1620 1340 1674 equus
1365 1610 1429 1656 ut
1453 1621 1538 1656 me
1563 1609 1762 1673 portet,
1791 1602 1904 1656 alat
1925 1619 2042 1667 re1,

461 1687 702 1741 officium
726 1687 897 1741 facioz
934 1694 995 1741 tu
1022 1689 1201 1758 poscis
1225 1689 1358 1743 vilia
1381 1705 1581 1752 rerum,

462 1773 626 1825 dante
649 1772 844 1836 minor,
878 1774 1124 1842 quamvis
1148 1774 1256 1827 fers
1281 1781 1338 1827 te
1361 1772 1570 1826 nullius
1595 1779 1917 1842 egentem.“
2019 1798 2025 1804 .

462 1856 656 1910 Omnis
679 1857 1022 1928 Aristippum
1047 1859 1232 1913 decuit
1256 1859 1407 1913 color
1431 1866 1487 1913 et
1511 1865 1686 1912 status
1714 1866 1769 1912 et
1791 1877 1896 1925 res,

461 1944 764 1995 ‘tentantem
787 1942 1009 2007 maiora,
1041 1943 1151 1997 fere
1175 1944 1554 2014 praesentibus
1579 1962 1832 2015 aequum.

363 2032 425 2077 25
465 2033 671 2090 contra,
702 2044 863 2097 quem
890 2028 1095 2099 duplici
1118 2046 1300 2099 panno
1324 2030 1592 2100 patientia
1614 2030 1777 2097 velat,

464 2110 718 2177 mirabor,
747 2112 892 2167 vitae
915 2114 1005 2167 via
1028 2115 1074 2167 si
1100 2132 1360 2169 conversa
1384 2115 1617 2169 decebit.

463 2196 599 2250 alter
624 2187 957 2268 purpureum
982 2217 1093 2253 non
1119 2201 1458 2271 exspectabit
1481 2200 1759 2266 amictum,

465 2283 736 2353 quidlibet
759 2284 986 2338 indutus
1011 2285 1361 2340 celeberrima
1387 2305 1484 2357 per
1508 2288 1628 2341 loca
1650 2287 1815 2342 vadet

463 2386 855 2441 personamque
881 2370 1019 2424 feret
1041 2388 1152 2424 non
1176 2371 1537 2426 inconcinnus
1562 2380 1875 2444 utramque;

361 2461 425 2509 30
463 2455 601 2509 alter
624 2456 808 2510 Mileti
831 2463 1038 2510 textam
1064 2472 1195 2509 cane
1220 2457 1378 2526 peius
1405 2464 1461 2512 et
1484 2460 1655 2529 angui

462 2541 660 2596 vitabit
683 2541 1041 2612 chlamydem,
1070 2542 1333 2596 morietur
1357 2543 1577 2614 frigore,
1608 2545 1655 2598 si
1678 2562 1791 2598 non

459 2628 737 2682 rettuleris
761 2645 1023 2698 pannum.
1061 2628 1202 2681 refer
1225 2635 1281 2681 et
1302 2628 1420 2681 sine
1445 2629 1595 2684 vivat
1617 2631 1855 2701 ineptus.

461 2712 575 2765 Res
600 2730 788 2783 gerere
814 2719 869 2765 et
893 2719 1080 2783 captos
1106 2713 1392 2767 ostendere
1418 2714 1627 2769 civibus
1651 2716 1838 2768 hostes

464 2793 691 2867 attingit
715 2798 911 2851 solium
936 2799 1085 2852 Iovis
1110 2807 1167 2852 et
1192 2799 1449 2853 coelestia
1476 2806 1673 2853 tentat.
1752 2860 1757 2863 ,
1828 2822 1831 2825 “

363 2887 426 2935 35
465 2882 802 2953 principibus
826 2883 1093 2954 placuisse
1117 2884 1248 2938 viris
1274 2903 1386 2938 non
1412 2885 1604 2938 ultima
1626 2884 1743 2938 laus
1769 2891 1870 2938 est.

464 2983 575 3019 non
602 2966 774 3020 cuivis
798 2968 1009 3022 homini
1033 2968 1305 3040 contingit
1328 2970 1478 3024 adire
1504 2970 1847 3024 Corinthum.

469 3127 505 3171 1.
544 3126 572 3169 7
600 3126 803 3172 delectet.
878 3126 906 3171 8
931 3128 1106 3187 laedet3
1132 3130 1292 3176 laedat.
1371 3129 1432 3174 12
1458 3133 1698 3178 inunctum.
1776 3129 1838 3175 16
1866 3105 1918 3176 ac
1942 3131 2075 3176 sacta.
2153 3129 2213 3174 18
2240 3132 2352 3176 illn-

328 3192 472 3238 debat.
559 3192 619 3237 21
662 3196 799 3240 vilia:
828 3209 975 3242 verum
1002 3210 1067 3242 ea.
1155 3196 1239 3250 (25
1279 3202 1530 3258 sapientia.)
1618 3198 1682 3243 27
1721 3199 1995 3258 expectabat.
2085 3196 2148 3244 30
2185 3213 2350 3258 angae.

331 3258 392 3304 31
435 3262 623 3319 vitabat3
651 3264 814 3308 vitavit.
891 3262 953 3308 36
991 3266 1227 3311 homiuum.

447 3330 503 3374 ΙΙ.
545 3329 573 3374 8
609 3331 768 3377 laedet.
844 3330 902 3374 11
942 3332 1175 3391 pauloque.
1255 3332 1315 3379 18
1354 3335 1570 3381 illudebit.
1636 3334 1706 3379 121
1736 3350 1885 3383 verum
1909 3349 1974 3382 es.
2049 3334 2115 3381 27
2140 3345 2352 3396 cxpecta-

329 3395 408 3441 bin.
482 3396 546 3442 30
583 3412 743 3455 angue.
818 3397 877 3442 31
919 3399 1171 3457 clamydem.
1247 3399 1309 3445 32
1350 3404 1527 3449 reseret.
