2667 3809
327 284 431 334 216
1038 291 1453 332 Emsrommm
1476 279 1522 342 Ι,
1558 283 1640 332 17.

465 433 535 485 da
557 431 693 485 mihi
717 431 921 496 fallere,
953 432 1023 484 da
1046 431 1193 485 iusto
1215 438 1518 503 sanetoque
1540 431 1746 496 videri3

466 525 683 572 noctem
707 517 944 588 peccatis
969 523 1025 571 et
1046 516 1331 570 fraudibus
1358 517 1534 571 obiice
1561 518 1792 572 nubem!
1813 523 1852 550 “

468 605 581 664 Qui
603 602 793 657 melior
817 620 990 668 servo,
1022 604 1116 674 qui
1141 603 1365 657 liberior
1387 603 1460 656 sit
1483 620 1694 667 avarus,

464 689 522 743 in
543 689 721 743 triviis
746 690 915 743 fixum
941 706 1064 743 cum
1092 707 1150 742 se
1176 690 1417 744 demittit
1441 689 1511 742 ob
1535 705 1729 752 assem,

361 782 427 828 65
465 794 578 829 non
602 777 790 842 vide03
831 793 957 830 nam
984 777 1079 847 qui
1104 775 1303 847 cupiet,
1333 782 1542 831 metuet
1566 791 1784 846 quoque
1801 797 1814 839 ς
1855 790 2016 844 porro

464 862 560 931 qui
583 869 832 916 metuens
856 862 1020 925 vivet,
1050 861 1189 915 liber
1209 861 1346 914 mihi
1372 878 1484 915 non
1510 861 1614 914 erit
1637 877 1899 929 unquam.

463 947 703 1018 perdidit
726 965 891 1012 arma,
921 948 1104 1001 locum
1129 947 1350 1001 virtutis
1375 946 1633 1010 deseruit,
1670 942 1766 1015 qui

463 1049 675 1103 semper
700 1034 756 1086 in
782 1034 1035 1104 augenda
1055 1033 1281 1087 festinat
1304 1039 1361 1086 et
1381 1031 1633 1085 obruitur
1655 1049 1733 1084 re.

462 1119 711 1173 Vendere
735 1136 858 1173 eum
883 1120 1059 1190 possis
1085 1118 1378 1190 captivum,
1411 1117 1656 1171 occidere
1680 1116 1825 1182 noli3

361 1210 426 1256 70
464 1205 663 1259 serviet
686 1206 922 1271 utiliter-3
963 1206 1082 1259 sine
1104 1214 1291 1274 paseat
1315 1204 1486 1257 durus
1509 1211 1752 1273 aretque,

460 1291 684 1361 naviget
706 1308 769 1345 ae
794 1291 988 1345 mediis
1013 1292 1218 1345 hiemet
1241 1297 1505 1343 mercator
1528 1290 1586 1343 in
1611 1290 1773 1344 undis
1793 1312 1806 1354 3

461 1393 712 1431 annonae
734 1377 937 1448 prosit3
978 1383 1161 1447 portet
1182 1377 1458 1430 frumenta
1480 1392 1782 1446 penusque.

459 1462 558 1515 Vir
579 1462 759 1516 bonus
785 1469 842 1516 et
865 1463 1079 1533 sapiens
1096 1462 1329 1516 audebit
1355 1462 1561 1514 dicere:
1600 1462 1860 1525 Penthea,

457 1554 630 1602 rector
663 1549 981 1613 Thebarum,
1012 1548 1141 1618 quid
1162 1566 1244 1600 me
1257 1549 1509 1617 perferre
1520 1547 1746 1618 patique

361 1640 387 1683 7
395 1641 421 1684 5
460 1632 737 1704 indiqnum
760 1634 948 1703 ooyes?
984 1633 1263 1699 „adimam
1287 1632 1500 1685 bona.“
1544 1650 1726 1701 nempe
1740 1648 1921 1700 pectes,
1951 1648 2081 1695 rem,

462 1720 635 1786 lectos,
666 1725 945 1790 arqentum
961 1740 982 1778 ,-
1020 1720 1177 1772 tollas
1202 1719 1342 1772 licet.
1397 1719 1497 1783 „in
1521 1716 1747 1771 manicis
1777 1724 1833 1769 et

460 1805 814 1874 compedibus
839 1821 999 1858 saevo
1022 1812 1079 1857 te
1103 1804 1204 1857 sub
1230 1805 1457 1858 custode
1481 1804 1746 1857 tenebo.“

459 1888 571 1958 ipse
594 1888 737 1953 deus,
767 1889 1087 1958 simulatque
1110 1891 1301 1954 volam,
1330 1910 1415 1944 ‘me
1438 1891 1620 1943 solvet.
1674 1888 1869 1959 opinor
1962 1910 1965 1915 ·

457 1974 562 2027 hoc
589 1975 787 2028 sentim
825 1974 1046 2028 moriar.
1089 1994 1235 2029 mors
1257 1976 1455 2030 ultima
1473 1975 1619 2029 linea
1641 1990 1821 2028 rerum
1848 1980 1951 2027 est.

1162 2186 1496 2193 Μ

1196 2336 1431 2399 XVII.

1092 2490 1197 2543 (Aa
1224 2491 1536 2541 senevam.)

455 2611 736 2677 Quamvis,
768 2612 988 2677 Scaeva,
1017 2611 1148 2665 satis
1172 2628 1269 2682 per
1292 2619 1349 2663 te
1372 2608 1475 2663 tibi
1501 2606 1738 2662 consulis
1764 2613 1819 2660 et
1843 2604 1964 2669 scis,

456 2713 565 2766 quo
603 2697 819 2750 tandem
847 2706 1006 2769 pacto
1034 2697 1224 2750 deceat
1248 2695 1543 2750 maioribus
1568 2693 1669 2758 uti,

458 2780 624 2846 disee,
653 2783 932 2837 docendus
957 2784 1135 2837 adhuc
1161 2799 1299 2853 quae
1327 2787 1513 2836 censet
1535 2779 1820 2844 amiculus,
1851 2782 1914 2830 ut
1937 2776 1984 2829 si

457 2881 647 2920 caecus
672 2868 776 2921 iter
800 2877 1098 2923 monstrare
1121 2869 1257 2923 velit
1271 2890 1284 2932 3
1326 2873 1509 2921 tamen
1534 2865 1769 2937 adspice,
1799 2865 1846 2918 si
1873 2861 2006 2935 quid

389 2956 416 3001 5
455 2957 511 3004 et
534 2968 653 3017 nos,
683 2952 830 3022 quod
855 2971 1009 3007 cures
1033 2953 1312 3025 proprium
1338 2952 1546 3018 fecisse,
1579 2951 1886 3023 loquamur.

457 3095 490 3139 1.
530 3093 591 3139 61
633 3097 791 3142 iustum
819 3108 1116 3158 sanctumque.
1204 3097 1267 3144 62
1306 3100 1447 3144 obice.
1535 3096 1597 3142 63
1637 3112 1725 3157 quo
1754 3120 1817 3129 -—
1843 3112 1946 3157 quo.
2035 3095 2099 3141 64
2139 3098 2331 3143 dimittit.

320 3159 386 3204 66
419 3163 540 3208 vivit.
623 3163 708 3216 (67
746 3167 973 3224 prodidit.)
1060 3166 1121 3210 72
1160 3180 1420 3227 ponamque.
1509 3165 1573 3211 78
1609 3167 1726 3212 volet
1757 3189 1808 3198 -
1843 3166 1999 3211 solvat.
2091 3164 2153 3209 79
2192 3164 2330 3223 haee3

319 3228 406 3274 bie.
438 3252 499 3263 —
537 3232 675 3277 XVH.
715 3231 763 3285 (2
803 3249 890 3294 quo
915 3238 1122 3289 tenuem.)
1198 3235 1225 3280 3
1264 3236 1408 3281 adbuc
1434 3236 1553 3295 quid.

437 3299 494 3344 ΙΙ.
534 3298 595 3344 61
636 3304 1114 3365 sanetum'iustumque.
1204 3301 1268 3348 62
1305 3305 1447 3350 obice.
1538 3302 1601 3349 63
1638 3318 1725 3363 quo
1751 3325 1816 3335 —
1842 3317 1944 3361 quo.
2037 3301 2099 3346 64
2138 3303 2333 3363 dimittit.

320 3362 384 3407 66
410 3367 526 3413 vivit.
592 3367 655 3412 76
681 3378 724 3414 et
749 3373 926 3416 manicis
950 3381 1009 3416 et.
1073 3370 1135 3415 79
1162 3371 1287 3417 baec.
1310 3395 1379 3404 —
1400 3373 1540 3418 xvn.
1565 3373 1642 3418 Ad
1668 3372 1940 3418 Scaevam
1966 3373 2134 3430 epis-t.
2165 3369 2242 3414 18.
2278 3391 2337 3403 --

321 3428 350 3474 3
387 3434 441 3477 nd
467 3436 552 3481 huc
577 3438 697 3495 quid.
769 3438 799 3482 4
839 3442 1003 3498 aspice.
