2667 3809
388 279 484 330 130
1135 290 1471 332 sumnum
1493 277 1571 343 II,
1602 281 1653 330 5.

519 449 632 487 non
655 431 941 486 mediocris
965 431 1126 497 inest,
1155 432 1336 489 fontes
1361 440 1425 487 ut
1448 433 1597 486 adire
1621 440 1857 488 remotos

420 521 486 573 95
524 524 689 589 atque
712 517 930 571 haurire
955 534 1150 588 queam
1174 518 1319 573 vitae
1343 527 1630 590 praecepta
1651 518 1862 571 beatae.

1230 790 1237 797 .
1326 811 1411 875 V·

1256 962 1516 1017 (Ulixes.)

523 1084 648 1138 Hoc
675 1103 910 1157 quoque,
940 1087 1160 1153 Tiresia,
1191 1093 1404 1159 praeter
1427 1093 1643 1140 narrata
1667 1087 1875 1161 petenti

521 1172 808 1244 responde,
838 1171 1035 1243 quibus
1061 1173 1283 1227 amissas
1307 1190 1555 1243 reparare
1581 1190 1774 1243 queam
1798 1190 1885 1226 res

519 1254 728 1311 artibus
753 1264 918 1330 atque
942 1259 1142 1312 modis,
1190 1258 1323 1330 quid
1346 1259 1531 1313 rides?
1584 1258 1824 1323 „Iamne
1842 1259 2031 1312 doloso

503 1360 631 1406 ,non
658 1344 789 1397 satis
815 1350 897 1396 est
920 1343 1164 1396 Ithacam
1186 1344 1373 1397 revehi
1396 1344 1709 1415 patriosque
1732 1351 1958 1415 penates

453 1435 481 1480 5
519 1429 835 1499 adspicere?
851 1435 888 1460 “
937 1430 986 1482 O
1013 1429 1152 1483 nulli
1177 1431 1476 1502 quidquam
1498 1431 1744 1496 mentite,
1775 1431 1926 1484 vides
1951 1438 2016 1485 ut

422 1510 427 1513 ’
518 1515 700 1568 nudus
725 1516 990 1587 inopsque
1017 1516 1239 1568 domum
1263 1517 1482 1569 redeam
1505 1523 1561 1570 te
1586 1523 1726 1582 vate,
1756 1534 1932 1588 neque
1956 1517 2068 1571 illic

519 1607 615 1654 aut
639 1602 905 1672 apotheca
928 1603 1104 1674 procis
1131 1603 1336 1655 intacta
1359 1609 1442 1656 est
1465 1609 1561 1656 aut
1584 1621 1781 1674 pecuse
1820 1602 1975 1675 atqui

521 1693 577 1739 et
600 1705 775 1757 genus
801 1695 856 1740 et
880 1688 1053 1741 virtus
1077 1688 1185 1741 nisi
1209 1706 1333 1740 cum
1358 1705 1416 1740 re
1441 1688 1601 1742 vilior
1624 1688 1748 1760 alga
1772 1696 1872 1742 est.

522 1773 803 1837 „Quando
827 1773 1139 1842 pauperiem
1163 1774 1342 1827 missis
1368 1773 1688 1844 ambagibus
1714 1774 1918 1840 horres,

423 1864 484 1909 10
522 1858 721 1928 accipe,
753 1875 860 1928 qua
882 1858 1094 1911 ratione
1119 1876 1286 1929 queas
1312 1859 1594 1913 ditescere.
1645 1861 1862 1914 Turdus

518 1945 631 1998 sive
655 1944 807 1998 aliud
830 1943 1043 2013 privum
1070 1943 1288 1997 dabitur
1313 1944 1433 2010 tibi,
1465 1945 1681 1999 devolet
1703 1946 1853 2012 illuc,

519 2046 604 2082 res
630 2029 726 2082 ubi
749 2047 947 2100 magna
969 2029 1110 2082 nitet
1134 2029 1356 2082 domino
1382 2048 1528 2083 sene.
1580 2031 1761 2085 dulcia
1785 2049 1946 2103 poma

522 2120 577 2166 et
600 2132 956 2187 quoscunque
981 2115 1117 2169 feret
1141 2115 1320 2168 cultus
1346 2114 1448 2168 tibi
1473 2115 1676 2171 fundus
1703 2118 1937 2172 honores

520 2206 647 2253 ante
671 2201 837 2254 larem
863 2204 1050 2272 gustet
1073 2200 1433 2255 venerabilior
1456 2203 1567 2256 lare
1592 2203 1762 2258 dives.

421 2294 481 2339 15
521 2286 615 2358 qui
639 2287 884 2357 quamvis
910 2287 1159 2358 periurus
1185 2282 1306 2353 erit,
1338 2288 1453 2341 sine
1478 2298 1660 2359 gente,
1692 2296 1949 2343 cruentus

517 2374 784 2444 sanguine
809 2372 1066 2439 fraterno,
1093 2373 1381 2444 fugitivuS‚
1410 2392 1479 2428 ne
1504 2384 1686 2449 tamen
1711 2375 1793 2429 illi

515 2466 579 2513 tu
604 2477 784 2513 comes
809 2459 1065 2524 exterior,
1094 2459 1141 2511 si
1165 2460 1424 2529 postulet,
1453 2461 1531 2514 ire
1555 2467 1838 2515 recuses.“

516 2545 661 2599 Utne
686 2553 868 2615 tegam
892 2563 1087 2616 spurco
1112 2545 1320 2599 Damae
1345 2546 1523 2600 latus?
1559 2547 1707 2600 haud
1731 2547 1809 2601 ita
1831 2547 2022 2601 Troiae

515 2648 602 2684 me
627 2632 789 2702 gessi,
819 2638 1030 2684 certans
1057 2648 1267 2701 semper
1290 2632 1626 2687 melioribus.
1680 2632 1875 2704 „Ergo

413 2723 476 2769 20
512 2734 717 2789 pauper
742 2717 916 2769 eris.“
968 2717 1189 2770 Fortem
1215 2717 1317 2771 hoc
1343 2719 1584 2772 animum
1608 2718 1837 2773 tolerare
1863 2719 2062 2773 iubebo
2076 2742 2090 2785 3

515 2809 571 2855 et
595 2802 873 2873 quondam·
895 2803 1098 2855 maiora
1122 2803 1245 2857 tuli.
1284 2796 1361 2857 ,tu
1385 2806 1654 2876 protinuS,
1684 2805 1830 2858 unde

515 2888 734 2942 divitias
759 2888 1006 2961 aerisque
1031 2906 1202 2953 ruam,
1234 2890 1321 2943 dic
1348 2878 1541 2961 augur,
1572 2907 1811 2944 acervos.

517 2975 695 3041 „Dixi
720 2974 971 3045 equidem
996 2980 1053 3027 et
1077 2975 1228 3030 dicoz
1269 2982 1453 3047 captes
1477 2983 1691 3033 astutus
1724 2966 1929 3048 ubique

514 3066 840 3113 testamenta
863 3076 1072 3124 senum,
1101 3077 1227 3124 neu,
1259 3061 1304 3114 si
1329 3062 1478 3115 vafer
1503 3080 1645 3116 unus
1670 3069 1725 3116 et
1748 3063 1886 3117 alter

412 3150 475 3195 25
513 3144 888 3198 insidiatorem
912 3161 1167 3216 praeroso
1193 3145 1396 3217 fugerit
1419 3147 1598 3214 ham0,

515 3236 610 3284 aut
632 3247 783 3301 spem
809 3228 1049 3298 deponas
1075 3238 1171 3284 aut
1194 3238 1364 3289 artem
1389 3232 1583 3288 illusus
1611 3234 1849 3290 omittas.

515 3374 568 3418 V.
598 3371 625 3416 3
661 3375 832 3420 dolose.
906 3374 934 3418 5
973 3376 1206 3434 quidquam
1231 3377 1359 3423 nulli.
1436 3379 1494 3422 11
1536 3380 1699 3439 aliquid
1724 3385 1908 3440 privum.
1986 3380 2047 3427 18
2073 3384 2193 3429 visne
2219 3389 2379 3441 teg-nm.

378 3439 438 3485 21
479 3450 705 3501 protenus.
777 3442 840 3486 22
878 3458 1057 3501 eruam3
1089 3445 1310 3499 (stt-uam.)
1343 3464 1348 3469 ·
1387 3445 1450 3491 26
1489 3448 1602 3493 haud
1627 3472 1695 3480 —
1720 3450 1850 3496 haud.
