2667 3809
365 280 467 343 164
1093 279 1506 323 Emsromuwu
1529 267 1576 332 1,
1610 270 1658 320 1.

397 433 475 482 45
508 427 741 498 impiger
765 430 1038 478 extremos
1062 422 1234 476 curris
1254 430 1524 476 mercator
1545 422 1617 497 ad
1639 421 1811 477 Indos

499 531 598 585 per
619 526 768 565 mare
792 506 1106 580 pauperiem
1130 506 1367 578 fugiens,
1401 526 1499 580 per
1522 526 1670 574 saxa,
1700 525 1796 580 per
1817 510 2005 581 ignesz

500 616 572 652 ne
597 613 751 653 cures
777 612 857 660 es,
889 611 1030 665 quae
1053 593 1219 647 stulte
1241 593 1454 648 miraris
1467 600 1535 648 et
1559 601 1736 665 optas,

503 684 711 739 discere
733 688 791 736 et
814 680 1003 735 audire
1028 685 1084 733 et
1104 679 1319 734 meliori
1343 679 1561 734 credere
1585 697 1698 733 non
1720 680 1839 735 vis?

503 768 626 840 quis
651 767 852 822 circum
876 782 1047 837 pagos
1072 772 1128 819 et
1153 765 1357 820 circum
1382 766 1619 835 compita
1641 782 1868 836 pugnax

399 862 466 908 5⁰
501 871 701 924 magna
724 852 972 907 coronari
996 856 1309 904 contemnat
1332 850 1605 922 Olympia,
1635 850 1725 905 cui
1748 867 1889 921 spes,

504 941 594 994 cui
616 939 689 994 sit
709 936 958 992 condicio
984 934 1160 989 dulcis
1186 935 1304 988 sine
1326 938 1551 1005 pulvere
1574 935 1822 1006 palmae?

501 1026 666 1081 vilius
689 1026 977 1093 argentum
1002 1026 1085 1074 est
1107 1037 1260 1085 aure,
1290 1021 1586 1081 virtutibus
1609 1038 1823 1075 aurum.

506 1128 583 1176 „o
608 1110 770 1174 cives,
799 1107 962 1172 cives,
992 1106 1301 1178 quaerenda
1324 1106 1556 1178 pecunia
1579 1106 1814 1178 primum
1838 1115 1939 1173 est,

501 1197 675 1251 virtus
698 1199 827 1265 post
848 1194 1129 1246 nummos!
1154 1197 1192 1224 “
1227 1191 1364 1245 haec
1387 1193 1556 1245 Ianus
1580 1209 1823 1246 summus
1845 1191 1916 1247 ab
1938 1192 2052 1246 imo

399 1291 464 1336 55
501 1280 781 1354 prodocet,
811 1279 944 1332 haec
967 1277 1221 1332 recinunt
1243 1277 1469 1331 iuvenes
1493 1277 1697 1331 dictata
1719 1295 1984 1349 senesque

501 1368 656 1422 laevo
681 1362 930 1434 suspensi
953 1362 1164 1416 loculos
1188 1361 1786 1433 tabulamque‘lacerto.

502 1458 587 1507 est
609 1452 822 1506 animus
846 1448 968 1513 tibi,
996 1455 1128 1501 sunt
1146 1464 1346 1513 mores,
1375 1455 1460 1501 est
1481 1447 1674 1518 lingua
1696 1447 1957 1518 fidesque,

503 1537 600 1591 sed
623 1534 1037 1608 quadringentis
1062 1549 1159 1585 sex
1182 1540 1392 1602 septem
1421 1533 1575 1587 milia
1598 1533 1814 1599 desunt,

501 1622 657 1694 plebs
680 1620 804 1675 eris.
844 1624 901 1672 at
923 1618 1079 1688 pueri
1102 1617 1358 1671 ludentes
1384 1636 1525 1683 „rex
1550 1619 1700 1694 eris“
1726 1620 1900 1687 aiunt,

400 1715 467 1760 60
505 1707 598 1772 „si
620 1712 767 1759 recte
789 1704 1022 1759 facies.“
1060 1702 1150 1756 hic
1174 1719 1363 1756 murus
1387 1720 1589 1757 aeneus
1615 1710 1761 1759 estoz

503 1790 584 1844 nil
609 1790 851 1844 conscire
875 1789 996 1854 sibi,
1026 1788 1180 1844 nulla
1201 1787 1494 1857 pallescere
1519 1789 1696 1861 culpa.

501 1875 721 1939 Roscia,
749 1873 837 1927 dic
861 1875 1036 1940 sodes,
1065 1873 1257 1928 melior
1279 1873 1372 1926 lex
1394 1891 1464 1927 an
1490 1892 1781 1945 puerorum
1806 1885 1891 1931 est

501 1960 684 2024 nenia,
713 1975 853 2030 quae
874 1976 1105 2029 regnum
1129 1966 1276 2013 recte
1292 1960 1621 2014 facientibus
1646 1960 1819 2027 offert,

504 2052 561 2100 et
582 2043 826 2098 maribus
851 2044 1028 2098 Curiis
1053 2050 1108 2098 et
1133 2044 1419 2098 decantata
1444 2045 1727 2101 Camillis?

401 2139 466 2185 65
502 2132 621 2185 isne
644 2129 748 2185 tibi
770 2128 967 2183 melius
991 2129 1202 2194 suadet,
1232 2131 1328 2201 qui
1350 2148 1466 2184 rem
1490 2132 1675 2195 facias,
1703 2150 1836 2198 rem,

503 2217 551 2271 si
574 2215 750 2286 possis
772 2221 936 2280 recte,
966 2215 1013 2268 si
1036 2232 1166 2280 non,
1195 2232 1525 2287 quocunque
1549 2218 1713 2273 modo
1735 2236 1869 2285 rem,

502 2309 566 2356 ut
588 2300 813 2372 propius
837 2308 1045 2372 spectes
1069 2299 1355 2355 lacrimosa
1380 2310 1631 2373 poemata
1653 2303 1815 2374 Pupi,

500 2404 571 2440 an
594 2386 692 2457 qui
716 2385 991 2440 Fortunae
1014 2393 1071 2440 te
1094 2402 1413 2456 responsare
1436 2387 1702 2457 superbae

498 2472 733 2526 liberum
759 2478 815 2526 et
837 2479 1078 2526 erectum
1102 2489 1356 2543 praesens
1379 2472 1632 2528 hortatur
1655 2480 1712 2528 et
1733 2474 1922 2546 aptat?

401 2565 464 2611 70
502 2558 699 2628 quodsi
721 2575 807 2612 me
832 2559 1069 2629 populus
1092 2558 1377 2612 Romanus
1400 2558 1541 2612 forte
1564 2567 1739 2630 roget,
1769 2577 1867 2615 cur

501 2660 631 2708 non,
660 2650 724 2697 ut
747 2640 1066 2712 porticibus,
1095 2643 1173 2697 sic
1194 2642 1414 2696 iudiciis
1437 2644 1587 2699 fruar
1609 2645 1801 2710 isdem,

501 2745 602 2781 nec
626 2744 822 2797 sequar
845 2734 942 2781 aut
964 2727 1173 2798 fugiam
1198 2745 1338 2798 quae
1362 2728 1547 2799 diligit
1570 2731 1686 2802 ipse
1712 2732 1798 2786 vel
1822 2731 1958 2797 odit,

502 2812 633 2866 olim
656 2811 806 2881 quod
829 2812 1021 2882 vulpes
1045 2820 1269 2884 aegroto
1295 2823 1456 2869 cauta
1477 2816 1625 2870 leoni

501 2895 803 2966 respondit,
832 2896 1093 2952 referamx
1132 2900 1307 2970 „quia
1330 2918 1418 2954 me
1442 2902 1675 2972 vestigia
1698 2909 1922 2968 terrent,

505 3072 540 3116 Ι.
580 3068 644 3116 52
680 3079 747 3116 est
773 3081 1002 3130 argentum
1028 3088 1166 3133 auro3
1189 3085 1258 3122 est
1281 3092 1391 3124 auro
1414 3088 1661 3137 argeutum.
1758 3079 1823 3125 55
1859 3080 2123 3139 praedocetg
2149 3079 2386 3138 psi-docet.

366 3138 456 3194 [56
492 3139 618 3185 188Ὑο
641 3139 941 3194 —1aoerto.]
1030 3142 1093 3186 57
1131 3152 1176 3189 et
1198 3145 1368 3204 lingua.
1458 3145 1522 3192 58
1559 3152 1598 3193 si
1623 3149 1969 3209 quadringentis.
2062 3148 2126 3193 59
2161 3156 2209 3195 ut
2233 3151 2382 3207 pueri.

365 3204 450 3253 62.
479 3204 542 3252 63
580 3220 811 3265 puerorum
838 3211 982 3253 nenia.
1057 3208 1120 3254 67
1158 3214 1315 3272 Puppi.
1390 3214 1454 3259 69
1492 3224 1630 3276 optat.
1705 3215 1767 3261 72
1805 3225 1850 3263 οι
1873 3218 2060 3276 ῐυςίειως
2087 3232 2139 3262 ac
2164 3218 2340 3275 fugiam.

482 3277 541 3320 Π.
579 3273 643 3319 50
681 3276 752 3319 cui
776 3275 953 3334 olimpia
977 3290 1098 3336 spes.
1171 3280 1232 3324 51
1273 3283 1484 3329 conditio.
1568 3285 1632 3331 55
1672 3286 1881 3346 perdocet
1904 3308 1970 3318 —
1997 3285 2199 3345 dictaque
2223 3298 2386 3330 senes-

360 3359 466 3403 que.
552 3339 616 3389 57
655 3349 700 3386 et
721 3342 889 3400 lingua.
987 3343 1050 3388 59
1088 3353 1133 3391 et
1156 3350 1297 3406 pueri.
1397 3350 1461 3395 66
1500 3355 1808 3415 quodcunque.
1905 3350 1969 3400 67
2006 3353 2285 3413 lachrymosa
2305 3374 2386 3385 —

361 3413 522 3472 Puppi.
596 3410 659 3456 70
698 3410 950 3457 rhomauus.
1025 3412 1084 3456 71
1125 3414 1292 3463 iisdem.
1368 3417 1430 3462 72
1467 3427 1513 3465 el
1537 3422 1716 3480 rugiam.
