2667 3809
377 267 444 317 90
1108 277 1446 322 sumnum
1470 256 1548 332 ΙΙ,
1581 270 1629 320 1.

520 418 826 490 Scipiadam
851 427 914 474 ut
937 420 1150 490 sapiens
1173 421 1490 476 Lucilius.“
1538 422 1709 476 Haud
1730 412 1872 477 mihi
1891 421 2071 487 deero,

514 523 642 561 cum
664 522 751 559 res
777 505 895 576 ipsa
917 506 1084 573 feret3
1123 507 1231 561 nisi
1256 507 1450 561 dextro
1474 515 1717 578 tempore
1743 508 1925 563 Flacci

518 593 684 646 verba
706 609 803 662 per
825 592 1092 646 attent'um
1116 611 1227 646 non
1251 594 1414 648 ibunt
1439 593 1680 648 Caesaris
1703 611 1906 660 aurem,

421 682 486 728 20
527 678 615 731 cui
638 678 779 732 male
804 677 850 732 si
873 678 1110 750 palpere,
1138 679 1446 735 recalcitrat
1468 680 1711 751 undique
1735 687 1908 734 tutus.

521 762 786 828 „Quanto
810 765 1010 819 rectius
1034 766 1139 819 hoc
1164 784 1328 837 quam
1353 766 1498 820 tristi
1520 766 1735 823 laedere
1757 783 1916 821 versu

518 848 879 904 Pantolabum
904 869 1142 905 scurram
1165 853 1679 924 Nomentanumque
1703 858 1984 924 nepotem3

520 953 643 989 cum
669 937 773 990 sibi
798 936 1026 1008 quisque
1051 935 1224 1003 timet,
1256 955 1581 1010 quamquam
1606 945 1690 992 est
1712 938 1968 1002 intactae,
1996 944 2052 991 et
2076 917 2213 991 odit.
2223 942 2263 969 ‘⁴

520 1021 671 1081 Quid
693 1023 921 1079 faciam?
954 1023 1118 1079 saltat
1140 1023 1425 1090 Milonius,
1453 1032 1517 1078 ut
1540 1023 1706 1078 semel
1731 1024 1839 1077 icto

415 1111 480 1159 25
518 1109 742 1164 accessit
765 1110 944 1165 fervor
968 1110 1135 1181 capiti
1157 1128 1525 1182 numerusque
1547 1110 1805 1165 lucernis.

517 1193 707 1247 Castor
730 1195 936 1266 gaudet
958 1197 1143 1267 equis,
1130 1218 1143 1232 ·
1183 1214 1287 1250 ovo
1311 1202 1613 1268 prognatus
1637 1196 1829 1250 eodem

516 1280 736 1351 pugnis.
789 1289 925 1352 quot
948 1282 1187 1353 capitum
1211 1281 1422 1347 vivunt,
1452 1282 1680 1336 totidem
1704 1283 2010 1339 studiorum

517 1366 686 1420 milia.
736 1384 824 1420 me
846 1367 1077 1438 pedibus
1101 1368 1337 1423 delectat
1361 1368 1613 1422 claudere
1636 1367 1804 1455 verba

514 1451 696 1506 Lucili
718 1452 848 1519 ritu,
877 1461 1125 1509 nostrum
1150 1455 1389 1509 melioris
1414 1464 1668 1527 utroque.

415 1540 478 1588 30
515 1536 607 1591 ille
631 1534 784 1594 velut
806 1539 929 1594 fidis
955 1557 1149 1594 arcana
1166 1541 1444 1595 sodalibus
1470 1539 1600 1595 olim

515 1623 770 1678 credebat
791 1624 964 1691 libris,
992 1644 1171 1697 neque
1196 1627 1243 1680 si
1264 1626 1407 1680 male
1432 1632 1682 1692 cesserat,
1711 1644 1952 1698 unquam

516 1708 806 1764 decurrens
830 1710 957 1777 alio,
986 1730 1164 1783 neque
1189 1713 1235 1766 si
1258 1713 1427 1778 bene3
1470 1727 1578 1783 quo
1602 1710 1665 1765 fit
1689 1718 1752 1766 ut
1775 1714 1951 1767 omnis

517 1795 701 1850 votiva
722 1802 908 1865 pateat
930 1796 1101 1852 veluti
1125 1797 1396 1868 descripta
1418 1796 1620 1852 tabella

515 1880 629 1936 vita
652 1881 815 1935 senis.
867 1898 1064 1953 sequor
1088 1882 1234 1937 hunc
1257 1884 1514 1938 Lucanus
1537 1901 1608 1938 an
1629 1883 1845 1956 Apulus
1868 1901 2098 1957 anceps:

414 1972 477 2019 35
514 1984 640 2021 nam
665 1968 976 2023 Venusinus
1002 1976 1119 2023 arat
1142 1969 1304 2024 finem
1328 1971 1431 2025 sub
1456 1977 1747 2041 utrumque
1772 1971 2016 2037 colonus,

514 2052 711 2107 missus
736 2053 807 2107 ad
830 2053 933 2108 hoc
957 2055 1148 2127 pulsis,
1179 2064 1337 2111 vetus
1361 2063 1446 2111 est
1469 2063 1533 2110 ut
1556 2056 1715 2121 fama,
1735 2056 1992 2123 Sabellis,

515 2155 624 2209 quo
647 2156 718 2192 ne
741 2156 838 2212 per
861 2157 1093 2195 vacuum
1116 2142 1367 2196 Romano
1392 2143 1693 2219 incurreret
1717 2142 1908 2208 hostis,

511 2225 624 2280 sive
650 2225 798 2296 quod
818 2226 1003 2298 Apula
1026 2245 1161 2299 gens
1186 2246 1283 2283 seu
1308 2228 1458 2300 quod
1480 2228 1725 2282 Lucania
1747 2227 1952 2282 bellum

510 2310 778 2366 incuteret
800 2312 1057 2368 violenta.
1109 2314 1219 2370 Sed
1242 2315 1332 2368 hic
1357 2316 1516 2370 stilus
1541 2315 1691 2369 haud
1714 2322 1864 2385 petet
1887 2313 2032 2369 ultro

405 2402 473 2449 40
512 2414 836 2469 quemquam
860 2398 1205 2466 animantem,
1235 2406 1290 2454 et
1313 2419 1401 2455 me
1425 2398 1599 2456 veluti
1622 2392 1894 2455 custodiet
1918 2401 2063 2455 ensis

507 2483 708 2554 vagina
731 2491 938 2551 tectus3
980 2504 1141 2557 quem
1166 2504 1262 2540 cur
1286 2486 1625 2559 destringere
1649 2507 1830 2559 coner,

508 2575 664 2624 tutus
689 2570 757 2624 ab
780 2570 994 2627 infestis
1017 2572 1319 2627 latronibus
1333 2575 1359 2627 Ρ
1408 2573 1457 2628 Ο
1481 2581 1636 2646 pater
1660 2582 1716 2629 et
1737 2594 1835 2632 rex

508 2656 774 2727 Iuppiter,
803 2664 866 2712 ut
887 2666 1075 2729 pereat
1096 2659 1337 2731 positum
1360 2658 1610 2732 robigine
1634 2661 1824 2729 telum,

510 2759 610 2795 nec
636 2742 923 2813 quisquam
946 2753 1142 2800 noceat
1165 2745 1365 2816 cupido
1388 2746 1526 2803 mihi
1548 2748 1726 2817 pacis!
1767 2756 1824 2803 at
1847 2748 1939 2807 ille

407 2833 474 2879 45
510 2828 606 2899 qui
630 2846 716 2883 me
741 2830 1041 2897 commorit,
1072 2861 1138 2872 -
1162 2830 1358 2885 melius
1383 2849 1494 2887 non
1518 2839 1761 2904 tangere,
1791 2836 1962 2890 clamo
1993 2866 2052 2878 -

509 2911 664 2970 flebit
686 2921 742 2968 et
765 2914 995 2987 insignis
1019 2923 1138 2972 tota
1164 2918 1472 2973 cantabitur
1496 2919 1649 2973 urbe.

511 2998 735 3054 Cervius
760 2999 930 3054 iratus
955 3001 1104 3073 leges
1127 2996 1413 3059 minitatur
1431 3011 1494 3059 et
1515 3022 1735 3073 urnam3

509 3084 737 3140 Canidia
758 3084 954 3145 Albuti
978 3087 1178 3158 quibus
1203 3096 1286 3143 est
1308 3089 1530 3144 inimica
1551 3108 1851 3160 venenum;

507 3171 714 3242 grande
737 3170 939 3229 malum
963 3171 1179 3239 Turius,
1207 3175 1254 3229 si
1279 3175 1414 3246 quid
1437 3193 1496 3230 se
1518 3176 1700 3271 iudice
1725 3183 1917 3233 certes.

507 3296 572 3344 20
598 3300 778 3363 palpare
800 3322 871 3333 —
893 3300 1156 3347 recalcitret.
1228 3298 1293 3345 22
1317 3304 1700 3352 Nomen-nure.
1741 3304 1834 3353 31
1864 3315 2065 3365 gesserat
2082 3329 2150 3340 —
2166 3320 2370 3366 nsquam

367 3365 431 3411 41
471 3369 753 3428 distringere.
825 3366 891 3413 43
929 3368 1147 3428 rubigine.
1217 3368 1281 3414 47
1322 3373 1528 3468 Servius,
1555 3373 1742 3422 Cervius
1766 3397 1834 3409 —
1858 3376 2017 3435 legem.
2088 3374 2154 3421 48
2190 3376 2370 3422 Albuci.

367 3435 433 3482 49
468 3439 509 3483 si
532 3440 633 3498 quis
655 3459 725 3471 —
749 3445 904 3485 certet.
