2667 3809
370 277 473 327 254
1079 285 1493 327 Ens'romiwm
1518 272 1595 336 ΙΙ,
1626 275 1677 326 2.

1309 449 1424 523 '11.

1038 612 1148 665 (Aa
1174 611 1403 656 Iullum
1431 612 1709 665 Florum.)

512 739 692 802 Flore,
719 736 866 790 bono
891 733 1145 805 claroque
1168 734 1345 791 fidelis
1370 735 1539 788 amice
1563 735 1787 800 Neroni,

510 824 556 877 si
583 823 705 894 quis
728 822 869 875 forte
892 820 1026 874 velit
1048 837 1275 890 puerum
1302 820 1405 873 tibi
1430 820 1660 874 vendere
1685 829 1876 874 natum

511 907 823 973 Tiburevel
850 905 1055 970 Gabiis,
1085 913 1140 959 et
1163 913 1346 958 tecum
1371 905 1448 958 sic
1474 912 1632 974 agat:
1673 906 1805 970 „hic
1831 912 1887 959 et

512 993 776 1048 candidus
802 1000 856 1046 et
880 992 1020 1046 talos
1044 1008 1076 1044 a
1100 992 1299 1045 vertice
1323 989 1551 1061 pulcher
1574 991 1644 1044 ad
1668 991 1806 1045 imos

446 1090 474 1133 5
512 1081 607 1133 fiet
630 1078 841 1148 eritque
865 1084 995 1130 tuus
1019 1093 1366 1131 nummorum
1390 1076 1611 1129 milibus
1635 1084 1777 1141 oct0,

510 1181 676 1227 verna
699 1162 1013 1216 ministeriis
1039 1161 1112 1216 ad
1132 1169 1301 1216 nutus
1326 1170 1486 1233 aptus
1511 1161 1727 1226 herileS‚

510 1249 767 1305 litterulis
794 1247 1013 1302 Graecis
1037 1247 1298 1314 imbutus,
1329 1248 1560 1301 idoneus
1584 1247 1688 1300 arti

512 1336 766 1399 cuilibet3
806 1333 1000 1405 argilla
1024 1333 1240 1403 quidvis
1264 1333 1563 1387 imitaberis
1588 1333 1727 1397 uda3

513 1422 645 1492 quin
671 1420 834 1474 etiam
860 1426 1018 1475 canet
1041 1418 1323 1472 indoctum
1349 1419 1446 1472 sed
1469 1419 1628 1472 dulce
1650 1417 1882 1473 bibenti.

415 1515 475 1560 10
512 1508 685 1561 multa
708 1506 869 1559 fidem
894 1494 1159 1576 promissa
1182 1506 1384 1570 levant,
1414 1504 1510 1559 ubi
1534 1503 1748 1574 plenius
1772 1521 1946 1575 aequo

512 1593 701 1649 laudat
723 1590 958 1654 venales,
989 1591 1085 1661 qui
1109 1591 1229 1645 vult
1252 1590 1560 1655 extrudere,
1589 1607 1813 1642 merces,

512 1696 597 1732 res
621 1668 784 1747 urget
807 1693 893 1729 me
918 1676 1072 1729 nulla
1086 1699 1099 1740 ;
1140 1693 1262 1729 meo
1286 1693 1408 1728 sum
1439 1665 1644 1745 pauper
1669 1675 1724 1727 in
1751 1692 1891 1729 aere.
1924 1742 1933 1747 ⁶

512 1781 673 1817 nemo
698 1763 803 1815 hoc
826 1779 1160 1832 mangonum
1186 1761 1387 1814 faceret
1410 1760 1512 1813 tibi
1526 1783 1539 1824 ;
1582 1776 1692 1812 non
1718 1767 1918 1813 temere
1943 1778 1974 1813 a
1999 1778 2084 1815 me

515 1846 693 1918 quivis
717 1848 882 1900 ferret
905 1847 1068 1899 idem.
1113 1846 1278 1899 semel
1302 1847 1393 1899 hic
1419 1845 1649 1903 cessavit
1673 1852 1729 1897 et
1752 1853 1815 1899 ut
1838 1846 1900 1898 fit

416 1942 476 1986 15
512 1934 570 1986 in
595 1931 753 1985 scalis
777 1931 941 1984 latuit
962 1938 1211 1984 metuens
1236 1931 1525 2001 pendentis
1560 1931 1832 2006 habenam
1854 1937 1890 1963 “

514 2020 609 2073 des
633 2035 903 2082 nummos,
941 2025 1167 2087 excepta
1190 2018 1327 2071 nihil
1354 2023 1407 2071 te
1434 2017 1480 2070 si
1504 2017 1638 2087 fuga
1659 2017 1856 2082 laedit;

513 2105 606 2157 ille
629 2102 769 2156 ferat
792 2103 1028 2173 pretium
1051 2119 1255 2174 poenae
1280 2120 1519 2166 securus,
1551 2103 1763 2173 opinor.

512 2189 753 2260 prudens
778 2187 957 2242 emisti
980 2188 1266 2254 vitiosum3
1308 2187 1455 2241 dicta
1478 2188 1581 2259 tibi
1605 2195 1688 2242 est
1711 2189 1831 2242 lex:

513 2273 813 2344 insequeris
838 2282 1017 2327 tamen
1042 2274 1188 2328 hunc
1214 2282 1270 2326 et
1292 2272 1388 2325 lite
1412 2273 1638 2325 moraris
1664 2275 1869 2345 iniqua.

411 2366 474 2413 20
512 2360 648 2414 Dixi
671 2377 757 2412 me
782 2360 998 2430 pigrum
1023 2360 1383 2430 proficiscenti
1410 2359 1530 2424 tibi,
1569 2358 1684 2412 dixi
1768 2412 1775 2417 ,

513 2446 716 2500 talibus
741 2445 933 2501 officiis
957 2463 1126 2517 prope
1150 2463 1420 2510 mancum,
1450 2463 1519 2499 ne
1543 2462 1663 2498 mea
1687 2462 1878 2499 saevus

512 2534 756 2603 iurgares
780 2532 850 2585 ad
875 2538 929 2585 te
943 2533 1101 2602 quod
1128 2532 1354 2603 epistola
1377 2532 1530 2584 nulla
1552 2530 1772 2584 rediret.

512 2619 646 2689 quid
670 2626 788 2672 tum
814 2617 1035 2688 profeci,
1066 2634 1278 2673 mecum
1302 2617 1559 2670 facientia
1583 2616 1702 2669 iura

511 2704 558 2757 si
582 2711 765 2757 tamen
789 2704 1067 2756 attentas}>
1101 2703 1342 2773 quereris
1368 2720 1530 2772 super
1555 2702 1659 2754 hoc
1684 2699 1865 2764 etiam,
1896 2701 2044 2771 quod

412 2795 475 2842 25
517 2794 830 2860 exspectata
847 2788 950 2841 tibi
974 2806 1085 2842 non
1108 2788 1324 2842 mittam
1349 2786 1586 2840 carmina
1609 2787 1862 2839 mendax.

511 2873 732 2928 Luculli
754 2872 911 2927 miles
936 2874 1164 2928 collecta
1186 2873 1384 2928 viatica
1412 2872 1600 2926 multis

513 2958 803 3023 aerumnis,
830 2958 1005 3013 lassus
1032 2960 1163 3012 dum
1186 2965 1354 3014 noctu
1380 2958 1578 3022 stertit,
1607 2957 1678 3010 ad
1701 2974 1874 3010 assem

512 3042 853 3113 perdiderat3
891 3051 1015 3114 post
1038 3045 1143 3098 hoc
1166 3045 1460 3099 vehemens
1485 3045 1650 3114 lupus
1674 3050 1732 3097 et
1754 3043 1860 3098 sibi
1885 3048 1942 3096 et
1965 3040 2112 3097 hosti

512 3128 683 3181 iratus
707 3127 924 3196 pariter,
952 3128 1149 3183 ieiunis
1175 3130 1431 3184 dentibus
1457 3147 1596 3196 acer,

412 3218 475 3264 30
513 3211 841 3282 praesidium
864 3212 1193 3282 regale'loco
1218 3215 1431 3280 deiecit,
1460 3223 1526 3269 ut
1549 3215 1721 3280 aiunt,

516 3353 545 3400 3
584 3356 656 3401 hic
681 3363 765 3400 est.
840 3354 869 3400 8
895 3357 1146 3403 imitabitur.
1224 3359 1279 3402 11
1310 3360 1563 3406 excludere.
1637 3357 1700 3403 16
1726 3358 1898 3417 laedam
1925 3358 2085 3405 laedet.
2161 3358 2220 3403 17
2250 3358 2386 3403 reret.

382 3421 443 3466 18
481 3424 557 3469 tibi
583 3423 670 3468 lex.
746 3421 809 3467 22
846 3426 1030 3470 veniret.
1103 3423 1165 3468 23
1204 3435 1323 3473 tuuc.
1397 3426 1484 3481 (28
1522 3429 1651 3486 lupus
1677 3435 1740 3483 ιιι,
1769 3427 1890 3479 sibi.)
