2667 3809
316 275 422 325 214
1025 279 1440 322 EPIsToLAntm
1464 268 1511 330 Ι,
1547 269 1629 318 16.

460 423 557 494 qui
580 423 735 477 dedit
756 423 863 476 hoc
886 421 1070 485 hodie,
1100 438 1235 486 cras,
1266 421 1314 474 si
1337 420 1501 485 volet,
1531 418 1756 483 auferet,
1796 425 1859 472 ut
1882 419 1931 472 si

462 508 721 562 detulerit
742 508 915 561 fasces
937 506 1189 576 indigne,
1218 506 1468 558 detrahet
1491 504 1656 558 idem.

361 601 425 647 35
466 611 670 664 ,‚pone,
698 610 880 646 meum
905 598 1055 655 est,“
1083 590 1283 662 inquit.
1321 606 1468 659 pono
1488 589 1772 660 tristisque
1796 589 2010 642 recedo,

465 680 610 733 idem
636 680 684 733 si
708 679 906 732 clamet
930 678 1121 741 furem,
1151 682 1317 746 neget
1340 693 1458 729 esse
1482 675 1763 746 pudicum,

462 764 761 819 contendat
783 764 979 834 laqueo
1005 761 1487 832 collumpressisse
1511 767 1824 831 paternum3

461 851 711 904 mordear
735 848 1040 920 opprobriis
1064 847 1217 900 falsis
1242 853 1557 915 mutemque
1581 847 1790 902 colores
1807 847 1832 899 Ρ

463 935 659 990 Falsus
683 936 859 988 honor
882 935 1036 989 iuvat
1059 940 1115 987 et
1137 933 1374 986 mendax
1399 932 1622 985 infamia
1645 938 1813 987 terret

355 1028 427 1074 40
466 1039 627 1091 quem
652 1021 759 1075 nisi
781 1021 1104 1074 mendosum
1127 1026 1186 1072 et
1208 1017 1628 1072 medicandum?
1672 1017 1770 1070 Vir
1793 1017 1970 1069 bonus
1995 1021 2078 1069 est
2102 1015 2225 1085 quis
2239 1014 2265 1068 Ρ

464 1106 560 1177 qui
583 1106 833 1159 consulta
856 1111 1089 1175 patrum,
1120 1105 1214 1174 qui
1238 1104 1388 1174 leges
1413 1103 1642 1173 iuraque
1666 1108 1861 1167 servat,

467 1209 577 1262 quo
602 1191 806 1246 multae
828 1206 1168 1260 magnaeque
1193 1196 1447 1242 secantur
1471 1188 1652 1242 iudice
1675 1188 1817 1253 lites,

466 1294 576 1346 quo
598 1294 686 1330 res
718 1292 978 1346 sponsore
1000 1283 1057 1329 et
1079 1292 1189 1346 quo
1215 1290 1410 1328 causae
1434 1279 1573 1326 teste
1597 1280 1872 1327 tenentur.

464 1363 562 1416 sed
584 1362 736 1415 videt
760 1362 906 1414 hunc
930 1361 1105 1414 omnis
1131 1365 1326 1413 domus
1353 1366 1408 1412 et
1429 1359 1632 1412 vicinia
1652 1364 1772 1412 tota

358 1456 425 1500 45
463 1449 758 1501 introrsum
782 1454 1015 1516 turpem,
1050 1445 1353 1516 speciosum
1377 1443 1520 1514 pelle
1545 1444 1758 1498 decora.

463 1534 531 1589 N
526 1551 581 1586 ec
593 1534 817 1602 furtum
829 1531 951 1601 feci
968 1530 1227 1600 necfuqi,
1261 1530 1308 1582 si
1331 1529 1468 1583 mihi
1493 1529 1641 1582 dicat

464 1636 684 1673 servus:
723 1618 934 1682 „habes
959 1616 1213 1687 pretium,
1242 1615 1374 1668 loris
1398 1631 1512 1667 non
1536 1614 1752 1667 ureris“
1778 1613 1885 1666 aio,

436 1724 440 1729 ·
463 1722 571 1757 non
594 1703 858 1756 hominem
881 1700 1065 1756 occidi.
1119 1718 1275 1766 „non
1299 1718 1487 1771 pasces
1511 1699 1568 1752 in
1595 1716 1753 1752 cruce
1777 1705 2033 1752 corvos.“

471 1808 589 1841 sum
616 1789 777 1841 bonus
802 1786 1048 1855 etfrayi.
1096 1786 1281 1840 renuit
1304 1785 1622 1856 negitatque
1648 1784 1916 1839 Sabellus.

364 1881 430 1925 50
470 1880 661 1926 cautus
687 1873 831 1926 enim
856 1871 1054 1925 metuit
1078 1871 1287 1924 foveam
1313 1871 1478 1941 lupus
1504 1870 1868 1941 accipiterque

468 1963 749 2027 suspectos
773 1957 998 2026 laqueos
1023 1965 1079 2010 et
1103 1963 1353 2026 opertum
1376 1955 1579 2009 miluus
1603 1957 1844 2009 hamum.

466 2040 703 2094 oderunt
725 2057 945 2111 peccare
969 2041 1102 2094 boni
1125 2041 1346 2096 virtutis
1370 2058 1583 2106 amore3

466 2133 528 2178 tu
552 2124 693 2178 nihil
718 2125 972 2179 admittes
996 2127 1053 2180 in
1078 2133 1135 2180 te
1159 2126 1450 2180 formidine
1473 2143 1712 2197 poenae=

466 2210 539 2262 sit
562 2226 685 2279 spes
708 2202 951 2276 fallendi,
982 2211 1235 2265 miscebis
1260 2228 1413 2264 sacra
1436 2210 1705 2280 profanis3

363 2302 429 2347 55
465 2313 592 2348 nam
619 2296 686 2349 de
711 2294 861 2350 mille
882 2296 1039 2350 fabae
1061 2297 1261 2353 modiis
1286 2314 1410 2349 cum
1436 2295 1663 2366 surripis
1688 2314 1878 2360 unum,

467 2380 724 2441 damnum
750 2388 850 2447 est,
881 2400 993 2436 non
1017 2382 1246 2447 facinus,
1277 2382 1414 2436 mihi
1437 2387 1597 2452 pacto
1621 2381 1800 2434 lenius
1824 2381 1950 2434 isto.

463 2465 562 2518 Vir
584 2465 780 2532 bonus,
809 2485 969 2521 omne
994 2468 1171 2520 forum
1197 2485 1363 2538 quem
1384 2473 1595 2538 spectat
1619 2474 1675 2521 et
1699 2484 1857 2521 omne
1882 2465 2141 2530 tribunal,

407 2594 428 2603 -
466 2554 903 2625 quandocunque
928 2552 1058 2606 deos
1082 2553 1171 2607 vel
1195 2569 1360 2622 porco
1384 2552 1473 2607 vel
1495 2552 1637 2606 bove
1660 2552 1858 2623 placat,

467 2641 644 2705 „Iane
668 2644 865 2709 pater“
893 2637 1052 2701 clare,
1083 2637 1224 2690 clare
1250 2655 1376 2690 cum
1400 2637 1543 2691 dixit
1569 2637 1882 2708 ‚‚Apollo,“

363 2730 429 2777 60
465 2724 617 2778 labra
639 2730 823 2778 movet
846 2730 1095 2776 metuens
1121 2722 1330 2776 audiri:
1373 2721 1645 2793 „pulchra
1668 2723 1931 2787 Laverna,

465 2933 498 2976 Ι.
539 2929 601 2975 33
639 2941 715 2978 aut
738 2936 803 2991 εἰς
830 2936 953 2978 etsi.
1026 2931 1088 2978 34
1123 2932 1332 2979 detrahit.
1423 2932 1487 2978 38
1524 2934 1730 2979 colorem.
1819 2932 1884 2979 40
1922 2944 1967 2980 et
1991 2936 2267 2993 mendaccm3
2294 2943 2340 2981 et

324 2999 585 3045 mendicum.
657 2999 722 3045 43
760 3017 846 3060 quo
872 3016 1150 3061 responsore.
1223 3001 1287 3047 45
1327 3005 1565 3048 introrsus.
1638 3001 1704 3047 46
1743 3003 1873 3061 dit-123
1900 3004 2031 3049 dicet.
2105 3002 2170 3049 49
2205 3012 2340 3063 negat

323 3076 483 3127 atquc3
509 3070 743 3128 renuitque
768 3078 1000 3129 negatque.
1110 3069 1171 3114 51
1213 3073 1496 3131 adopertum3
1523 3079 1566 3116 at
1590 3079 1786 3130 apertum
1814 3093 1876 3105 —
1903 3073 2089 3118 milvius.
2196 3072 2261 3117 55
2299 3074 2338 3118 si

324 3137 531 3193 surripis.
607 3135 670 3180 56
707 3146 836 3195 pacto
860 3138 981 3182 mihi.
1055 3137 1118 3182 59
1156 3140 1276 3184 cini-e
1300 3141 1428 3196 dixit,
1452 3153 1549 3184 cum
1574 3140 1711 3197 dixit;
1738 3141 1876 3196 clarc,
1900 3155 1999 3187 cum
2023 3141 2144 3186 clare
2168 3141 2291 3186 dixit.

442 3204 497 3248 11.
538 3200 602 3246 38
639 3207 903 3263 oppropriis.
978 3203 1041 3248 39
1079 3208 1330 3253 mendosum
1357 3209 1550 3253 infamia.
1622 3206 1688 3252 40
1728 3209 1977 3254 mendosum
2003 3218 2047 3255 et
2071 3209 2336 3255 mendacem.

325 3267 392 3313 42
430 3285 611 3329 magnae
642 3280 863 3317 secantur.
958 3270 1024 3316 43
1061 3288 1367 3332 resspousore.
1464 3274 1530 3321 49
1568 3285 1702 3333 negat
1726 3285 1875 3336 atque.
1962 3277 2023 3322 51
2065 3279 2336 3336 adopertum.

322 3340 537 3383 inseritur
552 3347 662 3396 post
682 3353 854 3384 versum
881 3337 943 3382 52
964 3354 977 3384 ε
1002 3342 1190 3386 oderunt
1213 3358 1398 3401 peccare
1420 3345 1520 3389 mali
1548 3345 1777 3391 formidine
1801 3359 1986 3404 poenae.
2058 3346 2123 3390 54
2154 3347 2192 3391 si
2219 3359 2337 3404 spes.

321 3403 389 3450 59
426 3407 546 3451 clarc
571 3407 681 3452 dixit
703 3421 800 3453 cum
827 3408 938 3452 dixit
959 3409 1150 3466 appollo.
