2667 3809
365 258 472 311 224
1076 267 1491 311 nrrsrommm
1514 253 1562 317 Ι,
1596 254 1677 304 18.

505 407 632 481 plus
656 426 821 479 quam
846 425 903 462 se
927 425 1115 479 sapere
1140 418 1197 462 et
1218 406 1516 461 virtutibus
1543 423 1660 459 esse
1682 406 1918 476 priorem

501 494 624 550 vult
648 501 703 547 et
727 494 804 547 ait
828 511 995 564 prope
1021 511 1177 548 verax
1219 506 1415 559 „meae
1438 522 1506 532 —-
1532 490 1861 544 contendere
1883 490 2000 544 noli
2027 520 2094 532 --

505 580 795 634 stultitiam
819 580 1104 651 patiuntur
1130 596 1291 650 opes;
1330 578 1436 633 tibi
1459 576 1685 649 parvula
1707 594 1793 629 res
1819 582 1934 630 est:

403 672 466 718 30
503 672 622 719 arta
646 665 803 718 decet
825 683 1020 718 sanum
1042 666 1293 720 comitem
1319 672 1480 735 toga3
1522 662 1709 717 desine
1732 678 1946 715 mecum

505 756 776 803 certare.“
825 751 1175 821 Eutrapelus,
1206 751 1513 821 cuicunque
1537 767 1732 802 nocere
1759 747 1993 812 volebat,

502 837 826 891 vestimenta
849 835 1014 888 dabat
1036 836 1306 906 pretiosas
1346 835 1540 889 beatus
1566 835 1710 889 enim
1734 835 1842 888 iam

504 939 626 974 cum
652 921 894 991 pulchris
919 922 1122 974 tunicis
1147 929 1326 975 sumet
1350 938 1492 980 nova
1516 921 1742 975 consilia
1767 927 1822 972 et
1847 936 1986 990 spes,

503 1007 737 1063 dormiet
760 1007 817 1059 in
841 1007 1036 1071 lucem,
1074 1013 1251 1061 scorto
1276 1014 1571 1077 postponet
1594 1006 1886 1058 honestum

402 1098 464 1144 35
505 1092 760 1157 officium,
791 1110 1040 1146 nummos
1065 1093 1273 1146 alienos
1296 1099 1501 1163 pascet,
1532 1092 1602 1144 ad
1624 1092 1796 1144 imum

502 1179 681 1232 Threx
707 1179 811 1232 erit
834 1185 931 1231 aut
955 1177 1164 1232 olitoris
1190 1186 1318 1248 aget
1343 1178 1589 1231 mercede
1613 1175 1900 1230 caballum.

500 1265 777 1318 Arcanum
802 1282 980 1335 neque
1006 1274 1067 1318 tu
1093 1264 1419 1318 scrutaberis
1450 1263 1598 1317 illius
1624 1278 1881 1332 unquam,

500 1350 954 1421 commissumque
982 1359 1132 1422 teges
1158 1359 1215 1404 et
1236 1350 1366 1404 vino
1392 1357 1568 1403 tortus
1593 1355 1649 1402 et
1672 1348 1770 1400 ira.

500 1453 601 1489 nec
625 1444 722 1490 tua
745 1436 993 1489 laudabis
1020 1437 1202 1491 studia
1226 1444 1323 1489 aut
1347 1436 1523 1488 aliena
1546 1433 1855 1504 reprendes,

396 1527 461 1573 40
498 1538 615 1586 nec,
647 1539 769 1574 cum
795 1522 980 1576 venari
1004 1521 1150 1576 volet
1174 1522 1283 1585 ille,
1313 1527 1566 1591 poemata
1589 1537 1814 1590 panges.

497 1606 675 1676 gratia
699 1607 775 1660 sic
800 1608 1027 1662 fratrum
1053 1608 1412 1678 geminorum,
1441 1606 1767 1676 Amphionis
1792 1611 1957 1674 atque

497 1693 675 1757 Zethi,
706 1694 962 1757 dissiluit,
993 1695 1165 1747 donec
1191 1700 1443 1764 suspecta
1466 1709 1653 1745 severo

500 1778 764 1831 conticuit
786 1780 922 1850 lyra.
960 1779 1212 1832 fraternis
1238 1779 1460 1832 cessisse
1486 1782 1712 1847 putatur

494 1863 736 1916 moribus
761 1864 1069 1935 Amphiona
1109 1873 1170 1918 tu
1197 1865 1327 1918 cede
1352 1862 1592 1933 potentis
1619 1862 1776 1915 amici

392 1954 456 1998 45
494 1947 708 2001 lenibus
732 1948 991 2018 imperiis,
1023 1951 1346 2020 quotiesque
1371 1949 1566 2003 educet
1588 1948 1646 2002 in
1671 1965 1831 2019 agros

497 2034 709 2086 Aetolis
736 2041 958 2087 onerata
981 2034 1158 2105 plagis
1184 2036 1428 2088 iumenta
1452 2052 1738 2105 canesque,

495 2137 657 2189 surge
683 2127 739 2173 et
762 2120 1089 2173 inhumanae
1115 2121 1325 2174 senium
1352 2122 1563 2191 depone
1588 2121 1871 2185 Camenae,

491 2222 685 2259 coenes
710 2213 774 2259 ut
796 2207 1000 2277 pariter
1023 2207 1305 2277 pulmenta
1323 2208 1608 2263 <laboribus
1637 2212 1849 2276 emptae

489 2291 753 2344 Romanis
779 2292 1040 2346 sollemne
1064 2294 1194 2347 viris
1217 2311 1375 2364 opus,
1409 2293 1545 2346 utile
1567 2292 1743 2345 famae

390 2383 453 2429 50
491 2378 741 2449 vitaeque
766 2386 822 2432 et
846 2379 1117 2442 membris,
1147 2379 1464 2449 praesertim
1491 2396 1614 2431 cum
1639 2377 1818 2430 valeas
1844 2384 1899 2430 et

489 2464 576 2518 vel
603 2481 765 2518 cursu
790 2481 1044 2535 superare
1070 2482 1257 2517 canem
1282 2464 1368 2519 vel
1394 2463 1600 2517 viribus
1626 2480 1816 2533 aprum

490 2551 684 2620 possis.
723 2550 881 2614 adde,
911 2550 1090 2605 virilia
1112 2550 1259 2620 quod
1285 2548 1584 2620 speciosius
1607 2567 1756 2602 arma

486 2652 597 2689 non
622 2642 706 2689 est
729 2636 824 2707 qui
849 2642 1062 2689 tractet.
1103 2635 1207 2689 scis
1233 2652 1344 2706 quo
1370 2635 1603 2688 clamore
1629 2651 1860 2688 coronae

486 2720 693 2790 proelia
717 2722 985 2774 sustineas
1011 2721 1362 2792 campestria,
1402 2720 1638 2791 denique
1665 2736 1875 2773 saevam

385 2812 448 2857 55
487 2802 737 2859 militiam
761 2824 897 2876 puer
922 2814 979 2860 et
1003 2806 1325 2861 Cantabrica
1348 2806 1493 2860 bella
1515 2805 1693 2860 tulisti

486 2889 587 2942 sub
614 2891 752 2943 duce
777 2893 869 2961 qui
893 2893 1113 2963 templis
1137 2893 1465 2946 Parthorum
1490 2893 1649 2963 signa
1669 2890 1852 2961 refigit

346 3006 494 3013 .---

486 3069 521 3113 l.
562 3067 626 3113 28
664 3079 706 3114 el
731 3072 839 3130 agit.
913 3068 976 3115 30
1014 3080 1126 3118 atra.
1202 3070 1263 3116 33
1293 3086 1467 3132 exspes.
1543 3069 1607 3117 36
1634 3071 1801 3117 Thrax.
1879 3068 1941 3115 37
1969 3070 2118 3115 ullius.
2193 3065 2255 3111 39
2283 3081 2358 3112 re-

344 3137 549 3195 prendas.
623 3138 687 3182 40
715 3152 898 3198 pangas.
975 3138 1059 3200 (43
1087 3141 1336 3198 probatur.)
1397 3139 1462 3186 45
1490 3141 1665 3199 educit3
1693 3142 1893 3201 quotiens
1918 3139 2086 3184 educet.
2148 3134 2213 3180 46
2239 3137 2357 3180 Aeo-

271 3240 282 3247 .
344 3205 441 3260 liis3
468 3206 669 3252 Aetoliis.
743 3206 806 3252 53
846 3214 1019 3252 {recum
1094 3207 1157 3252 56
1195 3210 1360 3255 refixit.

462 3274 516 3316 11.
554 3272 615 3319 29
644 3279 892 3334 paciuntur.
968 3273 1030 3318 30
1057 3284 1195 3323 areu.
1269 3276 1331 3322 32
1360 3280 1575 3337 preciosa.
1650 3275 1714 3322 36
1744 3277 1898 3321 Thrax
1928 3300 1979 3306 -
2015 3276 2122 3334 agit.
2194 3272 2254 3317 37
2284 3271 2355 3318 ul-

344 3341 447 3389 lius.
524 3340 586 3387 39
623 3346 870 3402 reprendis.
959 3341 1025 3385 42
1061 3345 1175 3389 Zeti.
1262 3345 1327 3391 45
1366 3349 1669 3407 quotiensque.
1754 3343 1820 3389 46
1859 3344 2087 3390 honorata.
2175 3340 2237 3385 49
2276 3356 2350 3386 so·

343 3408 500 3455 lemne.
575 3411 638 3455 55
677 3412 892 3456 miliciam.
967 3410 1031 3455 56
1070 3412 1232 3458 refixit.
